@ARTICLE{wakely2008tevcat,
   author = {{Wakely}, S.~P. and {Horan}, D.},
    title = "{TeVCat: An online catalog for Very High Energy Gamma-Ray Astronomy}",
  journal = {International Cosmic Ray Conference},
     year = {2008},
   volume = {3},
    pages = {1341-1344},
   adsurl = {http://adsabs.harvard.edu/abs/2008ICRC....3.1341W},
  adsnote = {Provided by the SAO/NASA Astrophysics Data System}
}

@article{hess1912uber,
  title={Uber Beobachtungen der durchdringenden Strahlung bei sieben Freiballonfahrten},
  author={Hess, Viktor F},
  journal={Phys. Zeits.},
  volume={13},
  pages={1084--1091},
  year={1912}
}

@article{aharonian2007first,
  title={{First ground-based measurement of atmospheric Cherenkov light from cosmic rays}},
  author={Aharonian, F and Akhperjanian, AG and Bazer-Bachi, AR and Beilicke, M and Benbow, W and Berge, D and Bernloehr, K and Boisson, C and Bolz, O and Borrel, V and others},
  journal={Physical Review D},
  volume={75},
  number={4},
  pages={042004},
  year={2007},
  publisher={APS}
}

@article{kieda2001high,
  title={{A high resolution method for measuring cosmic ray composition beyond 10 TeV}},
  author={Kieda, David B and Swordy, SP and Wakely, SP},
  journal={Astroparticle Physics},
  volume={15},
  number={3},
  pages={287--303},
  year={2001},
  publisher={Elsevier}
}

@article{zuccon2003atmospheric,
  title={{Atmospheric production of energetic protons, electrons and positrons observed in near Earth orbit}},
  author={Zuccon, P and Bertucci, B and Alpat, B and Ambrosi, G and Battiston, R and Battistoni, G and Burger, WJ and Caraffini, D and Cecchi, C and Di Masso, L and others},
  journal={Astroparticle Physics},
  volume={20},
  number={2},
  pages={221--234},
  year={2003},
  publisher={Elsevier}
}

@article{linden2013probing,
  title={{Probing the pulsar origin of the anomalous positron fraction with AMS-02 and atmospheric Cherenkov telescopes}},
  author={Linden, Tim and Profumo, Stefano},
  journal={The Astrophysical Journal},
  volume={772},
  number={1},
  pages={18},
  year={2013},
  publisher={IOP Publishing}
}

@inproceedings{hillas1985cerenkov,
  title={Cerenkov light images of EAS produced by primary gamma},
  author={Hillas, A. Michael},
  booktitle={International Cosmic Ray Conference},
  volume={3},
  year={1985}
}

@article{lipari2002fluxes,
  title={The fluxes of sub-cutoff particles detected by AMS, the cosmic ray albedo and atmospheric neutrinos},
  author={Lipari, Paolo},
  journal={Astroparticle physics},
  volume={16},
  number={3},
  pages={295--323},
  year={2002},
  publisher={Elsevier}
}

@article{alcaraz2000protons,
  title={Protons in near earth orbit},
  author={Alcaraz, J and Alvisi, D and Alpat, B and Ambrosi, G and Anderhub, H and Ao, L and Arefiev, A and Azzarello, P and Babucci, E and Baldini, Luca and others},
  journal={Physics Letters B},
  volume={472},
  number={1},
  pages={215--226},
  year={2000},
  publisher={Elsevier}
}

@article{alcaraz2000leptons,
  title={Leptons in near earth orbit},
  author={Alcaraz, J and Alpat, B and Ambrosi, G and Anderhub, H and Ao, L and Arefiev, A and Azzarello, P and Babucci, E and Baldini, Luca and Basile, M and others},
  journal={Physics Letters B},
  volume={484},
  number={1},
  pages={10--22},
  year={2000},
  publisher={Elsevier}
}

@article{supanitsky2012earth,
  title={{Earth magnetic field effects on the cosmic electron flux as background for Cherenkov Telescopes at low energies}},
  author={Supanitsky, AD and Rovero, AC},
  journal={Astroparticle Physics},
  volume={36},
  number={1},
  pages={123--130},
  year={2012},
  publisher={Elsevier}
}

@article{punch1992detection,
  title={Detection of TeV photons from the active galaxy Markarian 421},
  author={Punch, Michael and Akerlof, Carl W. and Cawley, M. F. and Chantell, M. and Fegan, D. J. and Fennell, S. and Gaidos, J. A. and Hagan, J. and Hillas, A. M. and Jiang, Y. and others},
  journal={nature},
  volume={358},
  number={6386},
  pages={477--478},
  year={1992},
  publisher={Nature Publishing Group}
}

@article{abdo2009limit,
  title={A limit on the variation of the speed of light arising from quantum gravity effects},
  author={Abdo, AA and Ackermann, Markus and Ajello, Marco and Asano, K and Atwood, WB and Axelsson, M and Baldini, Luca and Ballet, J and Barbiellini, Guido and Baring, MG and others},
  journal={Nature},
  volume={462},
  number={7271},
  pages={331--334},
  year={2009},
  publisher={Nature Publishing Group}
}

@article{bertone2010moment,
  title={{The moment of truth for WIMP dark matter}},
  author={Bertone, Gianfranco},
  journal={Nature},
  volume={468},
  number={7322},
  pages={389--393},
  year={2010},
  publisher={Nature Publishing Group}
}

@article{neronov2010evidence,
  title={{Evidence for strong extragalactic magnetic fields from Fermi observations of TeV blazars}},
  author={Neronov, Andrii and Vovk, Ievgen},
  journal={Science},
  volume={328},
  number={5974},
  pages={73--75},
  year={2010},
  publisher={American Association for the Advancement of Science}
}

@article{aharonian2006low,
  title={A low level of extragalactic background light as revealed by $\gamma$-rays from blazars},
  author={Aharonian, F and Akhperjanian, AG and Bazer-Bachi, AR and Beilicke, M and Benbow, W and Berge, D and Bernloehr, K and Boisson, C and Bolz, O and Borrel, V and others},
  journal={Nature},
  volume={440},
  number={7087},
  pages={1018--1021},
  year={2006},
  publisher={Nature Publishing Group}
}

@article{aharonian2006hess,
  title={HESS observations of the galactic center region and their possible dark matter interpretation},
  author={Aharonian, Felix and Akhperjanian, AG and Bazer-Bachi, AR and Beilicke, M and Benbow, Wystan and Berge, David and Bernloehr, K and Boisson, C and Bolz, Oliver and Borrel, V and others},
  journal={Physical Review Letters},
  volume={97},
  number={22},
  pages={221102},
  year={2006},
  publisher={APS}
}

@article{aharonian2008limits,
  title={Limits on an energy dependence of the speed of light from a flare of the active galaxy PKS 2155-304},
  author={Aharonian, F. and Akhperjanian, A. G. and De Almeida, U. Barres and Bazer-Bachi, A. R. and Becherini, Yvonne and Behera, B. and Beilicke, M. and Benbow, W. and Bernloehr, K. and Boisson, C. and others},
  journal={Physical Review Letters},
  volume={101},
  number={17},
  pages={170402},
  year={2008},
  publisher={APS}
}

@article{gaidos1996extremely,
  title={{Extremely rapid bursts of TeV photons from the active galaxy Markarian 421}},
  author={Gaidos, J. A. and Akerlof, Carl W. and Biller, S. and Boyles, P. J. and others},
  journal={Nature},
  volume={383},
  number={6598},
  pages={319},
  year={1996},
  publisher={Nature Publishing Group}
}

@inproceedings{jung2005star,
  title={{STAR a next generation Cherenkov telescope}},
  author={Jung, Ira and Krawczynski, Henric and Buckley, Jim and Falcone, Abe},
  Booktitle={Towards a Network of Atmospheric Cherenkov Detectors VII},
  pages={463--6},
  year={2005}
}

@inproceedings{gaug2013night,
  title={Night Sky Background Analysis for the Cherenkov Telescope Array using the Atmoscope instrument},
  Booktitle={In Proceedings of the 33th International Cosmic Ray Conference (ICRC2013)},
  author={Gaug, Markus and others},
  year={2013}
}

@article{Benn1998503,
  title="Brightness of the night sky over La Palma ",
  journal="New Astronomy Reviews ",
  volume="42",
  number="6â€“8",
  pages="503 - 507",
  year="1998",
  note="",
  issn="1387-6473",
  doi="https://doi.org/10.1016/S1387-6473(98)00062-1",
  url="http://www.sciencedirect.com/science/article/pii/S1387647398000621",
  author="C. R. Benn and S. L. Ellison"
}

@article{aharonian2005next,
  title={{Next generation of IACT arrays: scientific objectives versus energy domains}},
  author={Aharonian, Felix},
  journal={arXiv preprint astro-ph/0511139},
  year={2005}
}

@article{tavani2011discovery,
  title={{Discovery of powerful gamma-ray flares from the Crab Nebula}},
  author={Tavani, M. and Bulgarelli, A. and Vittorini, V. and Pellizzoni, A. and Striani, E. and Caraveo, P. and Weisskopf, M. C. and Tennant, A. and Pucella, G. and Trois, A. and others},
  journal={Science},
  volume={331},
  number={6018},
  pages={736--739},
  year={2011},
  publisher={American Association for the Advancement of Science}
}

@article{ahnen2017integral,
  title={On Integral Upper Limits Assuming Power-law Spectra and the Sensitivity in High-energy Astronomy},
  author={Ahnen, Max L.},
  journal={The Astrophysical Journal},
  volume={836},
  number={2},
  pages={196},
  year={2017},
  publisher={IOP Publishing}
}

@misc{FermiPass8BroadbandSensitivity2016,
  author = {Wood, Matthew and Caputo, Regina and Rando, Riccardo and Charles, Eric and Digel, Seth and Baldini, Luca and others for the Fermi collaboration},
  title = {Fermi {LAT} Performance, {P8R2 SOURCE V6} broadband sensitivity to power-law sources},
  year = {2016},
  url = {https://www.slac.stanford.edu/exp/glast/groups/canda/lat_Performance_files/broadband_flux_sensitivity_p8r2_source_v6_all_10yr_zmax100_n03.0_e1.50_ts25.png},
  urldate = {2017-05-11}
}

@article{acero2015fermi3fgl,
  Author = {Acero, F. and Ackermann, M. and Ajello, M. and Albert, A.and Atwood, W. B. and Axelsson, Magnus and Baldini, L. and Ballet, J. and Barbiellini, G. and Bastieri, D. and others},
  Journal = {The Astrophysical Journal Supplement Series},
  Number = {2},
  Pages = {23},
  Publisher = {IOP Publishing},
  Title = {{Fermi large area telescope third source catalog}},
  Volume = {218},
  Year = {2015}
}

@article{cta2013introducing,
  Author = {Acharya, B. S. and Actis, M. and Aghajani, T. and Agnetta, G. and Aguilar, J. and Aharonian, F. and Ajello, Marco and Akhperjanian, A. and Alcubierre, M. and Aleksic, J. and others},
  Journal = {Astroparticle Physics},
  Pages = {3--18},
  Publisher = {Elsevier},
  Title = {Introducing the CTA concept},
  Volume = {43},
  Year = {2013}
}

@article{aleksic2014blackHoleLightning,
  Author = {Aleksic, Jelena and Ansoldi, S. and Antonelli, L. A. and Antoranz, P. and Babic, A. and Bangale, P. and Barrio, J. A. and Gonzalez, J. Becerra and Bednarek, W. and Bernardini, E. and others},
  Journal = {Science},
  Number = {6213},
  Pages = {1080--1084},
  Publisher = {American Association for the Advancement of Science},
  Title = {Black hole lightning due to particle acceleration at subhorizon scales},
  Volume = {346},
  Year = {2014}
}

@article{abdo2011CrabFlare,
  Author = {Abdo, A. A. and Ackermann, Markus and Ajello, Marco and Allafort, A. and Baldini, Luca and Ballet, J. and Barbiellini, Guido and Bastieri, D. and Bechtol, K. and Bellazzini, R. and others},
  Journal = {Science},
  Number = {6018},
  Pages = {739--742},
  Publisher = {American Association for the Advancement of Science},
  Title = {{Gamma-ray flares from the Crab Nebula}},
  Volume = {331},
  Year = {2011}
}

@article{ackermann2013grbCat,
  Author = {Ackermann, Markus and Ajello, Marco and Asano, K. and Axelsson, Magnus and Baldini, Luca and Ballet, J. and Barbiellini, Guido and Bastieri, D. and Bechtol, K. and Bellazzini, R. and others},
  Journal = {The Astrophysical Journal Supplement Series},
  Number = {1},
  Pages = {11},
  Publisher = {IOP Publishing},
  Title = {{The first Fermi-LAT gamma-ray burst catalog}},
  Volume = {209},
  Year = {2013}
}

@article{magic2008distantQuasar,
  Author = {{The MAGIC Collaboration}},
  Journal = {Science},
  Number = {5884},
  Pages = {1752--1754},
  Publisher = {American Association for the Advancement of Science},
  Title = {Very-high-energy gamma rays from a distant quasar: how transparent is the universe?},
  Volume = {320},
  Year = {2008}
}

@article{magic2008pulsar,
  Author = {{The MAGIC Collaboration}},
  Journal = {Science},
  Number = {5905},
  Pages = {1221--1224},
  Publisher = {American Association for the Advancement of Science},
  Title = {Observation of pulsed $\gamma$-Rays above 25 GeV from the Crab Pulsar with MAGIC},
  Volume = {322},
  Year = {2008}
}

@article{aharonian2001,
  Author = {Aharonian, F. A. and Konopelko, A. K. and Voelk, H. J. and Quintana, H.},
  Journal = {Astroparticle Physics},
  Number = {4},
  Pages = {335--356},
  Publisher = {Elsevier},
  Title = {5@ 5--a 5 GeV energy threshold array of imaging atmospheric Cherenkov telescopes at 5 km altitude},
  Volume = {15},
  Year = {2001}
}

@article{albus1993nist,
  Author = {Albus, James and Bostelman, Roger and Dagalakis, Nicholas},
  Journal = {Journal of Robotic Systems},
  Number = {5},
  Owner = {sebastian},
  Pages = {709--724},
  Publisher = {Wiley Online Library},
  Timestamp = {2016.01.29},
  Title = {The NIST robocrane},
  Volume = {10},
  Year = {1993}
}

@article{bergstrom2013dark,
  Author = {Bergstr{\"o}m, Lars},
  Journal = {Astroparticle Physics},
  Pages = {44--49},
  Publisher = {Elsevier},
  Title = {Dark matter and imaging air Cherenkov arrays},
  Volume = {43},
  Year = {2013}
}

@article{bergstrom2011,
  Author = {Bergstr{\"o}m, Lars and Bringmann, Torsten and Edsj{\"o}, Joakim},
  Journal = {Physical Review D},
  Number = {4},
  Pages = {045024},
  Publisher = {APS},
  Title = {Complementarity of direct dark matter detection and indirect detection through gamma rays},
  Volume = {83},
  Year = {2011}
}

@article{bernlohr2013monte,
  Author = {Bernl{\"o}hr, K and Barnacka, A and Becherini, Yvonne and Bigas, O Blanch and Carmona, E and Colin, P and Decerprit, G and Di Pierro, F and Dubois, F and Farnier, Christian and others},
  Journal = {Astroparticle Physics},
  Pages = {171--188},
  Publisher = {Elsevier},
  Title = {Monte Carlo design studies for the Cherenkov Telescope Array},
  Volume = {43},
  Year = {2013}
}

@article{chadwick2000,
  Author = {Chadwick, PM and Lyons, K and McComb, TJL and Orford, KJ and Osborne, JL and Rayner, SM and Shaw, SE and Turver, KE},
  Journal = {Journal of Physics G: Nuclear and Particle Physics},
  Number = {1},
  Pages = {L5},
  Publisher = {IOP Publishing},
  Title = {The correction of atmospheric Cerenkov images for the effect of the geomagnetic field},
  Volume = {26},
  Year = {2000}
}

@article{cortina2016,
  Author = {Cortina, Juan and L{\'o}pez-Coto, Rub{\'e}n and Moralejo, Abelardo},
  Journal = {Astroparticle Physics},
  Pages = {46--54},
  Publisher = {Elsevier},
  Title = {MACHETE: A transit Imaging Atmospheric Cherenkov Telescope to survey half of the Very High Energy $\gamma$-ray sky},
  Volume = {72},
  Year = {2016}
}

@article{dravins2013optical,
  Author = {Dravins, Dainis and LeBohec, Stephan and Jensen, Hannes and Nu{\~n}ez, Paul D and CTA Consortium and others},
  Journal = {Astroparticle Physics},
  Pages = {331--347},
  Publisher = {Elsevier},
  Title = {Optical intensity interferometry with the Cherenkov Telescope Array},
  Volume = {43},
  Year = {2013}
}

@article{konopelko2005,
  Author = {Konopelko, A},
  Journal = {Astroparticle Physics},
  Number = {3},
  Pages = {191--207},
  Publisher = {Elsevier},
  Title = {STEREO ARRAY of 30m imaging atmospheric {\v{C}}erenkov telescopes: A next-generation detector for ground-based high energy gamma-ray astronomy},
  Volume = {24},
  Year = {2005}
}

@article{naurois2015,
  Author = {de Naurois, Mathieu and Mazin, Daniel},
  Journal = {Comptes Rendus Physique},
  Number = {6},
  Pages = {610--627},
  Publisher = {Elsevier},
  Title = {Ground-based detectors in very-high-energy gamma-ray astronomy},
  Volume = {16},
  Year = {2015}
}

@article{baixeras2004,
  Author = {Baixeras, Carmen and others},
  Journal = {arXiv preprint astro-ph/0403180},
  Title = {Design studies for a European Gamma-ray Observatory},
  Year = {2004}
}

@article{FACT_design,
  Author = {Anderhub, H. and Backes, M. and Biland, A. and Boccone, V. and Braun, I and others},
  Journal = {Journal of Instrumentation},
  Number = {06},
  Pages = {P06008},
  Publisher = {IOP Publishing},
  Title = {{Design and operation of FACT--the First G-APD Cherenkov Telescope}},
  Volume = {8},
  Year = {2013}
}

@article{Davies_Cotton_1957,
  Author = {Davies, John M and Cotton, Eugene S},
  Journal = {Solar Energy},
  Number = {2},
  Pages = {16--22},
  Publisher = {Elsevier},
  Title = {Design of the quartermaster solar furnace},
  Volume = {1},
  Year = {1957}
}

@inproceedings{ICRC2014_fact_crab_spectrum,
  Author = {Temme, F. and others},
  Booktitle = {Proceedings of the 34th ICRC},
  Title = {FACT--First Energy Spectrum from a SiPM Cherenkov Telescope},
  Volume = {707},
  Year = {2015}
}

@manual{heck1998corsika,
  Author = {Heck, D and Capdevielle, JN and Schatz, G and Thouw, T and others},
  Publisher = {Citeseer},
  Title = {CORSIKA: A Monte Carlo Code to Simulate Extensive Air Showers,'' Report FZKA 6019, Forschungszentrum Karlsruhe},
  Year = {1998}
}

@article{bernlohr2008AtmoIact,
  Author = {Bernl{\"o}hr, Konrad},
  Journal = {Astroparticle Physics},
  Number = {3},
  Pages = {149--158},
  Publisher = {Elsevier},
  Title = {Simulation of imaging atmospheric Cherenkov telescopes with CORSIKA and sim\_telarray},
  Volume = {30},
  Year = {2008}
}

@inproceedings{fegan2008performance,
  title={The performance of an idealized large-area array of moderate-sized IACTs},
  author={Fegan, SJ and Vassiliev, VV},
  booktitle={International Cosmic Ray Conference},
  volume={3},
  pages={1441--1444},
  year={2008}
}

@article{hofmann2006performance,
  title={Performance limits for Cherenkov instruments},
  author={Hofmann, Werner},
  journal={arXiv preprint astro-ph/0603076},
  year={2006}
}

@article{vassiliev2005high,
  title={High energy all sky transient radiation observatory},
  author={Vassiliev, V. and Fegan, S.},
  journal={arXiv preprint astro-ph/0511342},
  year={2005}
}

@article{fermi2010fermi,
  title={Fermi gamma-ray imaging of a radio galaxy},
  author={Abdo, A., A. and Ackermann, M. and Ajello, M. and Atwood, W., B. and Baldini, L. and others},
  journal={Science},
  volume={328},
  number={5979},
  pages={725--729},
  year={2010},
  publisher={American Association for the Advancement of Science}
}

@article{aharonian2012abrupt,
  title={Abrupt acceleration of a/cold/'ultrarelativistic wind from the Crab pulsar},
  author={Aharonian, F. A. and Bogovalov, S .V. and Khangulyan, D.},
  journal={Nature},
  volume={482},
  number={7386},
  pages={507--509},
  year={2012},
  publisher={Nature Research}
}

@article{ansoldi2016teraelectronvolt,
  title={Teraelectronvolt pulsed emission from the Crab Pulsar detected by MAGIC},
  author={Ansoldi, S. and Antonelli, L. A. and Antoranz, P. and Babic, A. and Bangale, P. and de Almeida, U. Barres and Barrio, J. A. and Gonzalez, J. Becerra and Bednarek, W. and Bernardini, E. and others},
  journal={Astronomy \& Astrophysics},
  volume={585},
  pages={A133},
  year={2016},
  publisher={EDP Sciences}
}

@article{weinstein2007veritas,
  title={The VERITAS trigger system},
  author={Weinstein, A. and others},
  journal={arXiv preprint arXiv:0709.4438},
  year={2007}
}

@article{funk2004trigger,
  title={The trigger system of the HESS telescope array},
  author={Funk, Stefan and Hermann, German and Hinton, James and Berge, David and Bernl{\"o}hr, Konrad and Hofmann, Werner and Nayman, P and Toussenel, F and Vincent, P},
  journal={Astroparticle Physics},
  volume={22},
  number={3},
  pages={285--296},
  year={2004},
  publisher={Elsevier}
}

@article{schroedter2009topological,
  title={A topological trigger system for imaging atmospheric-Cherenkov telescopes},
  author={Schroedter, M. and Anderson, J. and Byrum, K. and Drake, G. and Duke, C. and Holder, J. and Imran, A. and Madhavan, A. and Krennrich, F. and Kreps, A. and others},
  journal={arXiv preprint arXiv:0908.0179},
  year={2009}
}

@article{lopez2016topo,
  title={The Topo-trigger: a new concept of stereo trigger system for imaging atmospheric Cherenkov telescopes},
  author={L{\'o}pez-Coto, Rub{\'e}n and Mazin, Daniel and Paoletti, Riccardo and Bigas, O Blanch and Cortina, Juan},
  journal={Journal of Instrumentation},
  volume={11},
  number={04},
  pages={P04005},
  year={2016},
  publisher={IOP Publishing}
}

@article{garcia2014status,
  title={Status of the new Sum-Trigger system for the MAGIC telescopes},
  author={Garcia, J Rodriguez and Dazzi, F and H{\"a}fner, D and Herranz, D and L{\'o}pez, M and Mariotti, M and Mirzoyan, R and Nakajima, D and Schweizer, T and Teshima, M},
  journal={arXiv preprint arXiv:1404.4219},
  year={2014}
}

@article{haefner2011new,
  title={New improved Sum-Trigger system for the MAGIC telescopes},
  author={Haefner, Dennis and Schweizer, Thomas and Dazzi, Francesco and Corti, Daniele and others},
  journal={arXiv preprint arXiv:1111.1299},
  year={2011}
}

@article{bulian1998characteristics,
  title={Characteristics of the multi-telescope coincidence trigger of the HEGRA IACT system},
  author={Bulian, N. and Daum, A. and Hermann, G. and Hess, M. and Hofmann, W. and Lampeitl, H. and Puehlhofer, G. and Koehler, C. and Panter, M. and Stein, M. and others},
  journal={Astroparticle Physics},
  volume={8},
  number={4},
  pages={223--233},
  year={1998},
  publisher={Elsevier}
}

@ARTICLE{scikit-learn,
  author = {Pedregosa, F. and Varoquaux, G. and Gramfort, A. and Michel, V. and Thirion, B. and Grisel, O. and Blondel, M. and Prettenhofer, P. and Weiss, R. and Dubourg, V. and Vanderplas, J. and Passos, A. and Cournapeau, D. and Brucher, M. and Perrot, M. and Duchesnay, E.},
  title = {Scikit-learn: Machine Learning in {P}ython},
  journal = {Journal of Machine Learning Research},
  year = {2011},
  volume = {12},
  pages = {2825--2830}
}

@article{toyama2013novel,
  title={Novel photo multiplier tubes for the Cherenkov Telescope array project},
  author={Toyama, Takeshi and Mirzoyan, Razmik and Dickinson, Hugh and Fruck, Christian and Hose, J{\"u}rgen and Kellermann, Hanna and Kn{\"o}tig, Max and Lorenz, Eckart and Menzel, Uta and Nakajima, Daisuke and others},
  journal={arXiv preprint arXiv:1307.5463},
  year={2013}
}

@article{masuda2015development,
  title={Development of the photomultiplier tube readout system for the first Large-Sized Telescope of the Cherenkov Telescope Array},
  author={Masuda, Shu and Konno, Yusuke and Barrio, Juan Abel and Bigas, Oscar Blanch and Delgado, Carlos and Coromina, Llu{\'\i}s Freixas and Gunji, Shuichi and Hadasch, Daniela and Hatanaka, Kenichiro and Ikeno, Masahiro and others},
  journal={arXiv preprint arXiv:1509.00548},
  year={2015}
}

@manual{hamamatsu2009mppc,
  author={Hamamatsu},
    organization={HAMAMATSU PHOTONICS K.K., Solid State Division},
    title={MPPC (multi-pixel photon Counter), S10362-33 series},
    number={Cat. No. KAPD1023E05},
    year={2009},
    month={11},
}

@article{fact2017icrc,
  title={FACT-Highlights from more than Five Years of Unbiased Monitoring at TeV Energies},
  author={FACT collaboration and Dorner, D. and others},
  journal={PoS (ICRC2017)},
  volume={609},
  year={2017}
}

@article{knoetig2013fact,
  title={FACT-Long-term stability and observations during strong Moon light},
  author={Knoetig, Max Ludwig and Biland, A. and Bretz, T. and Buss, J. and Dorner, D. and Einecke, S. and Eisenacher, D. and Hildebrand, D. and Kraehenbuehl, T. and Lustermann, W. and others},
  journal={arXiv preprint arXiv:1307.6116},
  year={2013}
}

@article{carrigan2013hess,
  title={The HESS Galactic Plane Survey-maps, source catalog and source population},
  author={Carrigan, S. and Brun, F. and Chaves, R. C. G. and Deil, C. and Donath, A. and Gast, H. and Marandon, V. and Renaud, M. and others},
  journal={arXiv preprint arXiv:1307.4690},
  year={2013}
}


@ARTICLE{fact-reference,
  author = {Anderhub, H. and Backes, M. and Biland, A. and Boccone, V. and Braun, I. and others},
  title = {{Design and operation of FACT â€“ the first G-APD Cherenkov telescope}},
  journal = {JINST},
  year = {2013},
  volume = {8},
  pages = {P06008},
  number = {06},
  biburl = {http://www.bibsonomy.org/bibtex/26587c9bad7e746362ba02aef7ced06b7/watz},
  description = {Design and operation of FACT â€“ the first G-APD Cherenkov telescope
  - Abstract - Journal of Instrumentation - IOPscience},
  interhash = {9010c8b0129d06fab095bb246ad07164},
  intrahash = {6587c9bad7e746362ba02aef7ced06b7},
  keywords = {FACT},
  timestamp = {2014-04-29T11:53:23.000+0200}
}

@ARTICLE{fact-performance,
  author = {A. Biland and T. Bretz and J. BuÃŸ and V. Commichau and L. Djambazov
  and D. Dorner and others},
  title = {{Calibration and performance of the photon sensor response of FACT
  â€“ the first G-APD Cherenkov telescope}},
  journal = {JINST},
  year = {2014},
  volume = {9},
  pages = {P10012},
  number = {10},
  url = {http://stacks.iop.org/1748-0221/9/i=10/a=P10012}
}

@article{buss2015fact,
  title={{Influence of SiPM Crosstalk on the Performance of an Operating Cherenkov Telescope}},
  author={Buss, Jens and Noethe, Maximilian and Walter, Roland and Morik, Katharina and Bockermann, Christian and Wilbert, Aylin and Dorner, Daniela and Balbo, Matteo and Mannheim, Karl and Meier, Katja and others},
  journal={PoS},
  pages={863},
  year={2015},
  publisher={SISSA}
}


@inproceedings{nothe2017fact,
  title={{FACT Performance of the First Cherenkov Telescope Observing with SiPMs}},
  author={Noethe, Maximilian and others},
  booktitle={Proceedings of the 35th International Cosmic Ray Conference. PoS (ICRC2017)},
  volume={791},
  year={2017}
}


@INPROCEEDINGS{facttools-ecml,
  author = {Bockermann, Christian and Bruegge, Kai and Buss, Jens and Egorov,
  Alexey and Morik,Katharina and Rhode, Wolfgang and Ruhe, Tim},
  title = {{Online Analysis of High-Volume Data Streams in Astroparticle Physics}},
  booktitle = {Machine Learning: {ECML} 2015, Industrial Track},
  year = {2015},
  publisher = {Springer Berlin Heidelberg}
}

@PHDTHESIS{diss-bockermann,
  author={Bockermann, Christian},
  year={2015},
  title={{Mining Big Data Streams for Multiple Concepts}},
}

@misc{noethe2016facttools,
  author = {
      Ahnen, Max Ludwidg
      and Baack, Dominik
      and Bockermann, Christian
      and Bruegge, Kai
      and BuÃŸ, Jens
      and Egorov, Alexey
      and Hildebrand, Hendrik
      and Linhoff, Lena
      and Mueller, Sebastian Achim
      and Neise, Dominik
      and Noethe, Maximilian
      and Temme, Fabian
      and Wulf, Niklas
  },
  title = {{FACT-Tools GitHub-Repository}},
  howpublished = "\url{https://github.com/fact-project/fact-tools}",
  year = {2016}
}

@misc{mueller2018photonstream,
  author = {
      Mueller, Sebastian Achim
      and Neise, Dominik
      and Buss, Jens
      and others
  },
  title = {{Photon-Stream GitHub-Repository}},
  howpublished = "\url{https://github.com/fact-project/photon_stream}",
  year={2018}
}

@misc{mueller2017singlephoton,
  author = {
      Mueller, Sebastian Achim
      and Neise, Dominik
      and Noethe, Maximilian
      and others
  },
  title = {{Single-Pulse-Extractor GitHub-Repository}},
  howpublished = "\url{https://github.com/fact-project/single_photon_extractor}",
  year = {2017}
}

@misc{photon_stream_youtube,
  author = {{FACT collaboration}},
  title = {Photon-Stream animation on YouTube},
  howpublished = "\url{https://www.youtube.com/watch?v=F0C2tcj1rb8}",
  year = {2018}
}

@misc{fact_template_pulse,
  author = {{FACT collaboration}},
  title = {{FACT-MARS-CERES simulation configuration}},
  howpublished = "\url{https://trac.fact-project.org/browser/trunk/Mars/ceres.rc}",
  note = {Accessed: 2017 September 20}
}

@article{ziv1977universal,
  title={{A universal algorithm for sequential data compression}},
  author={Ziv, Jacob and Lempel, Abraham},
  journal={IEEE Transactions on information theory},
  volume={23},
  number={3},
  pages={337--343},
  year={1977},
  publisher={IEEE}
}

@misc{java2017introduction,
  title = {{Introducing JSON (JavaScript Object Notation)}},
  howpublished = "\url{http://www.json.org/}",
  note = {Accessed: 2017 September 20}
}

@article{dean2008polarized,
  title={{Polarized gamma-ray emission from the Crab}},
  author={Dean, A. J. and Clark, D. J. and Stephen, J. B. and McBride, V. A. and Bassani, L. and Bazzano, A. and Bird, A. J. and Hill, A. B. and Shaw, S. E. and Ubertini, P.},
  journal={Science},
  volume={321},
  number={5893},
  pages={1183--1185},
  year={2008},
  publisher={American Association for the Advancement of Science}
}

@article{allekotte2008surface,
  title={{The surface detector system of the Pierre Auger Observatory}},
  author={Allekotte, Ingo and Barbosa, A. F. and Bauleo, P. and Bonifazi, C. and Civit, B. and Escobar, C. O. and Garcia, B. and Guedes, G. and Berisso, M. Gomez and Harton, J. L. and others},
  journal={Nuclear Instruments and Methods in Physics Research Section A: Accelerators, Spectrometers, Detectors and Associated Equipment},
  volume={586},
  number={3},
  pages={409--420},
  year={2008},
  publisher={Elsevier}
}

@article{deyoung2012hawc,
  title={{The HAWC observatory}},
  author={DeYoung, Tyce and HAWC collaboration and others},
  journal={Nuclear Instruments and Methods in Physics Research Section A: Accelerators, Spectrometers, Detectors and Associated Equipment},
  volume={692},
  pages={72--76},
  year={2012},
  publisher={Elsevier}
}

@article{abraham2010fluorescence,
  title={{The fluorescence detector of the Pierre Auger Observatory}},
  author={Abraham, J. and Abreu, P. and Aglietta, M. and Aguirre, C. and Ahn, E. J. and Allard, D. and Allekotte, I. and Allen, J. and Allison, P. and Alvarez-Muniz, J. and others},
  journal={Nuclear Instruments and Methods in Physics Research Section A: Accelerators, Spectrometers, Detectors and Associated Equipment},
  volume={620},
  number={2},
  pages={227--251},
  year={2010},
  publisher={Elsevier}
}

@article{ebisuzaki2014jem,
  title={{The JEM-EUSO mission}},
  author={Ebisuzaki, T. and Medina-Tanco, Gustavo and Santangelo, Andrea and JEM-EUSO Collaboration and others},
  journal={Advances in Space Research},
  volume={53},
  number={10},
  pages={1499--1505},
  year={2014},
  publisher={Elsevier}
}

@article{birant2007st,
  title={{ST-DBSCAN: An algorithm for clustering spatial--temporal data}},
  author={Birant, Derya and Kut, Alp},
  journal={Data \& Knowledge Engineering},
  volume={60},
  number={1},
  pages={208--221},
  year={2007},
  publisher={Elsevier}
}

@inproceedings{ester1996density,
  title={{A density-based algorithm for discovering clusters in large spatial databases with noise}},
  author={Ester, Martin and Kriegel, Hans-Peter and Sander, Joerg and Xu, Xiaowei and others},
  booktitle={Kdd},
  volume={96},
  pages={226--231},
  year={1996}
}

@article{hillas1998spectrum,
  title={{The Spectrum of TeV gamma-rays from the Crab Nebula}},
  author={Hillas, A. M. and Akerlof, C. W. and Biller, S. D. and Buckley, J. H. and Carter-Lewis, D. A. and Catanese, M. and Cawley, M. F. and Fegan, D. J. and Finley, J. P. and Gaidos, J. A. and others},
  journal={The Astrophysical Journal},
  volume={503},
  number={2},
  pages={744},
  year={1998},
  publisher={IOP Publishing}
}

@article{olive2014Review,
      author         = "Olive, K. A. and others",
      title          = "{{Review of Particle Physics}}",
      collaboration  = "Particle Data Group",
      journal        = "Chin. Phys.",
      volume         = "C38",
      year           = "2014",
      pages          = "090001",
      doi            = "10.1088/1674-1137/38/9/090001",
      SLACcitation   = "%%CITATION = CHPHD,C38,090001;%%"
}

@article{ahnen2016diss,
      author         = "Ahnen, Max Ludwig",
      title          = "{{Observations of the Crab Pulsar in Gamma Rays Above 1 Teraelectronvolt}}",
      journal        = "ETH Zurich, Research Collection",
      volume         = "Department of Physics",
      year           = "2017",
      doi            = "https://doi.org/10.3929/ethz-a-010869952",
}

@article{vogler2015diss,
      author         = "Vogler, Patrick E.",
      title          = "{{Design and commissioning of the trigger electronics for a novel Geiger-mode avalanche photodiode based camera for Imaging Atmospheric Cherenkov Telescopes}}",
      journal        = "ETH Zurich, Research Collection",
      volume         = "Department of Physics",
      year           = "2017",
      doi            = "https://doi.org/10.3929/ethz-a-010568419",
}

@article{kraehenbuehl2013diss,
      author         = "Kraehenbuehl, Thomas",
      title          = "{{The first semiconductor-based camera for imaging atmospheric
Cherenkov telescopes}}",
      journal        = "ETH Zurich, Research Collection",
      volume         = "Department of Physics",
      year           = "2017",
      doi            = "https://doi.org/10.3929/ethz-a-010093760",
}

@article{birriel2010simple,
  title={A simple, portable apparatus to measure night sky brightness at various zenith angles},
  author={Birriel, Jennifer and Adkins, James Kevin},
  journal={Journal of the American Association of Variable Star Observers},
  volume={38},
  pages={221--229},
  year={2010}
}


@article{badran1997improvement,
  title={{Improvement of gamma-hadron discrimination at tev energies using a new parameter, image surface brightness}},
  author={Badran, H. M. and Weekes, T. C.},
  journal={Astroparticle Physics},
  volume={7},
  number={4},
  pages={307--314},
  year={1997},
  publisher={Elsevier},
  sebastian={Surface brightness in IACT images classifies gamma and hadrons}
}

@inproceedings{ritt2008design,
  title={{Design and performance of the 6 GHz waveform digitizing chip DRS4}},
  author={Ritt, Stefan},
  booktitle={Nuclear Science Symposium Conference Record, 2008. NSS'08. IEEE},
  pages={1512--1515},
  year={2008},
  organization={IEEE}
}

@article{ahnen2015data,
  title={{Data compression for the first G-APD Cherenkov Telescope}},
  author={Ahnen, M. L. and Balbo, M. and Bergmann, M. and Biland, A. and Bretz, T. and Buss, J. and Dorner, D. and Einecke, S. and Freiwald, J. and Hempfling, C. and others},
  journal={Astronomy and Computing},
  volume={12},
  pages={191--199},
  year={2015},
  publisher={Elsevier}
}

@article{neise2017fact,
  title={{FACT--Status and experience from five years of operation of the first G-APD Cherenkov Telescope}},
  author={Neise, D. and Adam, J. and Ahnen, M. L. and Baack, D. and Balbo, M. and Bergmann, M. and Biland, A. and Blank, M. and Bretz, T. and Bruegge, K. A. and others},
  journal={Nuclear Instruments and Methods in Physics Research Section A: Accelerators, Spectrometers, Detectors and Associated Equipment},
  volume={876},
  pages={17--20},
  year={2017},
  publisher={Elsevier},
  sebastian={Robustness of SiPMs}
}

@inproceedings{hildebrand2017using,
  title={{Using Charged Cosmic Ray Particles to Monitor the Data Quality of FACT}},
  author={Hildebrand, Dorothee and others},
  booktitle={Proceedings of the 35th International Cosmic Ray Conference. PoS (ICRC2017)},
  volume={301},
  year={2017}
}

@article{buzhan2009cross,
  title={{The cross-talk problem in SiPMs and their use as light sensors for imaging atmospheric Cherenkov telescopes}},
  author={Buzhan, P. and Dolgoshein, B. and Ilyin, A. and Kaplin, V. and Klemin, S. and Mirzoyan, R. and Popova, E. and Teshima, M.},
  journal={Nuclear Instruments and Methods in Physics Research Section A: Accelerators, Spectrometers, Detectors and Associated Equipment},
  volume={610},
  number={1},
  pages={131--134},
  year={2009},
  publisher={Elsevier},
  sebastian={The cross-talk problem}
}

@article{otte2009efficiency,
  title={{On the efficiency of photon emission during electrical breakdown in silicon}},
  author={Otte, A. Nepomuk},
  journal={Nuclear Instruments and Methods in Physics Research Section A: Accelerators, Spectrometers, Detectors and Associated Equipment},
  volume={610},
  number={1},
  pages={105--109},
  year={2009},
  publisher={Elsevier},
  sebastian={The cross-talk problem reason}
}

@article{bartko2005tests,
  title={{Tests of a prototype multiplexed fiber-optic ultra-fast FADC data acquisition system for the MAGIC telescope}},
  author={Bartko, Hendrik and Goebel, Florian and Mirzoyan, Razmik and Pimpl, Wendelin and Teshima, Masahiro},
  journal={Nuclear Instruments and Methods in Physics Research Section A: Accelerators, Spectrometers, Detectors and Associated Equipment},
  volume={548},
  number={3},
  pages={464--486},
  year={2005},
  publisher={Elsevier},
  sebastian={complexity of image-sensor cabeling}
}

@article{holder2006first,
  title={{The first VERITAS telescope}},
  author={Holder, Jamie and Atkins, R. W. and Badran, H. M. and Blaylock, G. and Bradbury, S. M. and Buckley, J. H. and Byrum, K. L. and Carter-Lewis, D. A. and Celik, O. and Chow, Y. C. K. and others},
  journal={Astroparticle Physics},
  volume={25},
  number={6},
  pages={391--401},
  year={2006},
  publisher={Elsevier},
  sebastian={Figures 8,10. Single p.e. spectrum in Figure 9}
}

@article{krawczynski2006gamma,
  title={{Gamma--hadron separation methods for the VERITAS array of four imaging atmospheric Cherenkov telescopes}},
  author={Krawczynski, Henric and Carter-Lewis, D. A. and Duke, C. and Holder, J. and Maier, G. and Le Bohec, S. and Sembroski, G.},
  journal={Astroparticle Physics},
  volume={25},
  number={6},
  pages={380--390},
  year={2006},
  publisher={Elsevier},
  sebastian={Image-cleaning with thresholds relative to noise-level-baseline.}
}

@article{kildea2007whipple,
  title={{The Whipple Observatory 10m gamma-ray telescope, 1997--2006}},
  author={Kildea, J. and Atkins, R. W. and Badran, H. M. and Blaylock, G. and Bond, I. H. and Bradbury, S. M. and Buckley, J. H. and Carter-Lewis, D. A. and Celik, O. and Chow, Y. C. K. and others},
  journal={Astroparticle Physics},
  volume={28},
  number={2},
  pages={182--195},
  year={2007},
  publisher={Elsevier},
  sebastian={Whipple has only the Charge integral, no dedicated timing Single p.e. spectrum in Figure 6}
}

@article{barrau1998cat,
  title={{The CAT imaging telescope for very-high-energy gamma-ray astronomy}},
  author={Barrau, A. and Bazer-Bachi, R. and Beyer, E. and Cabot, H. and Cerutti, M. and Chounet, L. M. and Debiais, G. and Degrange, B. and Delchini, H. and Denance, J. P. and others},
  journal={Nuclear Instruments and Methods in Physics Research Section A: Accelerators, Spectrometers, Detectors and Associated Equipment},
  volume={416},
  number={2},
  pages={278--292},
  year={1998},
  publisher={Elsevier},
  sebastian={Only the Charge integral, no dedicated timing. Single p.e. spectrum in Figure 9}
}

@article{albert2008fadc,
  title={{FADC signal reconstruction for the MAGIC telescope}},
  author={Albert, J. and Aliu, E. and Anderhub, H. and Antoranz, P. and Armada, A. and Asensio, M. and Baixeras, C. and Barrio, J. A. and Bartko, H. and Bastieri, D. and others},
  journal={Nuclear Instruments and Methods in Physics Research Section A: Accelerators, Spectrometers, Detectors and Associated Equipment},
  volume={594},
  number={3},
  pages={407--419},
  year={2008},
  publisher={Elsevier},
  sebastian={Section 5. "Signal reconstruction algorithms". Time and Charge of main pulse}
}

@inproceedings{shayduk2005new,
  title={{A new image cleaning method for the MAGIC Telescope}},
  author={Shayduk, M. and Hengstebeck, T. and Kalekin, O. and Pavel, N. A. and Schweizer, T.},
  booktitle={International Cosmic Ray Conference},
  volume={5},
  pages={223},
  year={2005},
  sebastian={MAGIC image-cleaning, highly coupled to signal extraction.}
}

@article{aliu2009improving,
  title={{Improving the performance of the single-dish Cherenkov telescope MAGIC through the use of signal timing}},
  author={Aliu, E. and Anderhub, H. and Antonelli, L. A. and Antoranz, P. and Backes, M. and Baixeras, C. and Barrio, J. A. and Bartko, H. and Bastieri, D. and Becker, J. K. and others},
  journal={Astroparticle Physics},
  volume={30},
  number={6},
  pages={293--305},
  year={2009},
  publisher={Elsevier},
  sebastian={MAGIC using timing to improve image-cleaning}
}

@article{puhlhofer2003technical,
  title={{The technical performance of the HEGRA system of imaging air Cherenkov telescopes}},
  author={Puehlhofer, G. and Bolz, O. and Goetting, N. and Heusler, A. and Horns, D. and Kohnle, A. and Lampeitl, H. and Panter, M. and Tluczykont, M. and Aharonian, F. and others},
  journal={Astroparticle Physics},
  volume={20},
  number={3},
  pages={267--291},
  year={2003},
  publisher={Elsevier},
  sebastian={Using pulse deconvolution Section 3.1 "Pulse Shape analysis (pixel level)". No individual pixel timing. To level cut in image processing Section "3.2 Image processing(single telescope level)"}
}

@article{tridon2010magic,
  title={{The MAGIC-II gamma-ray stereoscopic telescope system}},
  author={Tridon, D. Borla and Schweizer, T. and Goebel, F. and Mirzoyan, R. and Teshima, M. and MAGIC collaboration and others},
  journal={Nuclear Instruments and Methods in Physics Research Section A: Accelerators, Spectrometers, Detectors and Associated Equipment},
  volume={623},
  number={1},
  pages={437--439},
  year={2010},
  publisher={Elsevier},
  sebastian={Introducinf HPDs for future upgrade with excellent s.p.e. resolution Figure 5}
}

@article{sitarek2013analysis,
  title={{Analysis techniques and performance of the Domino Ring Sampler version 4 based readout for the MAGIC telescopes}},
  author={Sitarek, Julian and Gaug, Markus and Mazin, Daniel and Paoletti, Riccardo and Tescaro, Diego},
  journal={Nuclear Instruments and Methods in Physics Research Section A: Accelerators, Spectrometers, Detectors and Associated Equipment},
  volume={723},
  pages={109--120},
  year={2013},
  publisher={Elsevier},
  sebastian={Section 3.3 Signal Extraction charge integral and arrival time. Section 3.3 pulse shape not stable across all channels}
}

@article{aharonian2006observations,
  title={{Observations of the Crab nebula with HESS}},
  author={Aharonian, Felix and Akhperjanian, A. G. and Bazer-Bachi, A. R. and Beilicke, M. and Benbow, Wystan and Berge, David and Bernloehr, K. and Boisson, C. and Bolz, Oliver and Borrel, V. and others},
  journal={Astronomy \& Astrophysics},
  volume={457},
  number={3},
  pages={899--915},
  year={2006},
  publisher={EDP Sciences},
  sebastian={Section 4.1 "Image cleaning and moment analysis": "a two-level filter" Based on image amplitudes, Section 4.1}
}

@article{becherini2011new,
  title={{A new analysis strategy for detection of faint gamma-ray sources with Imaging Atmospheric Cherenkov Telescopes}},
  author={Becherini, Yvonne and Djannati-Atai, Arache and Marandon, Vincent and Punch, Michael and Pita, Santiago},
  journal={Astroparticle Physics},
  volume={34},
  number={12},
  pages={858--870},
  year={2011},
  publisher={Elsevier},
  sebastian={Intrtoduction footnote on HESS1, "converting the photons to a charge per pixel"}
}

@article{holler2013status,
  title={{Status of the Monoscopic Analysis Chains for HESS II}},
  author={Holler, Markus and Balzer, Arnim and Becherini, Yvonne and Klepser, Stefan and Murach, Thomas and de Naurois, Mathieu and Parsons, Robert and others},
  journal={arXiv preprint arXiv:1307.6003},
  year={2013},
  sebastian={Section 1 Introduction "ToM": time of maximum and intensity}
}

@article{catalano2013astri,
  title={{The ASTRI SST-2M prototype: Camera and electronics}},
  author={Catalano, Osvaldo and Giarrusso, Salvo and La Rosa, Giovanni and Maccarone, Maria Concetta and Mineo, Teresa and Russo, Francesco and Sottile, Giuseppe and Impiombato, Domenico and Bonanno, Giovanni and Belluso, Massimiliano and others},
  journal={arXiv preprint arXiv:1307.5142},
  year={2013},
  sebastian={Section 3 "The Electronics System": It works as signal shaper in which the amplitude of the peak contains the value of the input signal integrated in a specific time window, conversely to the other Cherenkov telescopes that are based on ASIC that sample the input signal at typical rates of 1GHz}
}

@article{yashin2015imaging,
  title={{Imaging Camera and Hardware of TAIGA-IACT Project}},
  author={Yashin, Igor},
  journal={PoS},
  pages={986},
  year={2015},
  publisher={SISSA},
  sebastian={Only charge, no time}
}

@article{catalano2008single,
  title={{Single photon counting approach for imaging atmospheric Cherenkov telescopes}},
  author={Catalano, O. and Maccarone, M. C. and Sacco, B.},
  journal={Astroparticle Physics},
  volume={29},
  number={2},
  pages={104--116},
  year={2008},
  publisher={Elsevier},
  sebastian={Digital read-out}
}

@article{jones1994parallel,
  title={{Parallel counter implementation}},
  author={Jones, Robert F. and Swartzlander, Earl E.},
  journal={Journal of VLSI signal processing systems for signal, image and video technology},
  volume={7},
  number={3},
  pages={223--232},
  year={1994},
  publisher={Springer},
  sebastian={Analog parallel adder for possible digital future SiPMs}
}

@inproceedings{swartzlander2004review,
  title={{A review of large parallel counter designs}},
  author={Swartzlander, Earl E.},
  booktitle={VLSI, 2004. Proceedings. IEEE Computer society Annual Symposium on},
  pages={89--98},
  year={2004},
  organization={IEEE}
}

@inproceedings{frach2009digital,
  title={{The digital silicon photomultiplierâ€”Principle of operation and intrinsic detector performance}},
  author={Frach, Thomas and Prescher, Gordian and Degenhardt, Carsten and de Gruyter, Rik and Schmitz, Anja and Ballizany, Rob},
  booktitle={Nuclear Science Symposium Conference Record (NSS/MIC), 2009 IEEE},
  pages={1959--1965},
  year={2009},
  organization={IEEE}
}

@article{swartzlander1973parallel,
  title={{Parallel counters}},
  author={Swartzlander, Earl E.},
  journal={IEEE Transactions on computers},
  volume={100},
  number={11},
  pages={1021--1024},
  year={1973},
  publisher={IEEE}
}

@article{li1983analysis,
    title={{Analysis methods for results in gamma-ray astronomy}},
    author={Li, T-P and Ma, Y-Q},
    journal={The Astrophysical Journal},
    volume={272},
    pages={317--324},
    year={1983}
}

@article{gazda2016photon,
  title={{Photon detection efficiency measurements of the VERITAS Cherenkov telescope photomultipliers after four years of operation}},
  author={Gazda, Eliza and Nguyen, Thanh and Otte, Nepomuk and Richards, Gregory},
  journal={Journal of Instrumentation},
  volume={11},
  number={11},
  pages={P11015},
  year={2016},
  publisher={IOP Publishing},
  sebastian={pmt aging}
}

@article{archambault2017gamma,
  title={{Gamma-ray observations under bright moonlight with VERITAS}},
  author={Archambault, S. and Archer, A. and Benbow, W. and Bird, R. and Bourbeau, E. and Bouvier, A. and Buchovecky, M. and Bugaev, V. and Cardenzana, J. V. and Cerruti, M. and others},
  journal={Astroparticle Physics},
  volume={91},
  pages={34--43},
  year={2017},
  publisher={Elsevier},
  sebastian={pmt aging}
}

@article{golovin1999avalanche,
  title={{Avalanche Photodetector}},
  author={Golovin, V.},
  journal={Russian Agency for Patents and Trademarks},
  volume={2142175},
  year={1998},
  sebastian={GAPD inventors}
}

@article{sadygov1998avalanche,
  title={{Avalanche Detector}},
  author={Sadygov, Z.},
  journal={Russian Agency for Patents and Trademarks},
  volume={2102820},
  year={1998},
  sebastian={GAPD inventors}
}

@article{retiere2017digital,
  title={{3D integrated digital SiPM}},
  author={Jean-Francois, Pratte and Retiere, Fabrice},
  journal={10th International Meeting on Front-End Electronics},
  year={2017}
}

@article{alexandreas1995status,
  title={{Status report on CLUE}},
  author={Alexandreas, D and Bartoli, B and Bastieri, D and Bedeschi, F and Bertolucci, E and Bigongiari, C and Biral, R and Busetto, G and Centro, S and Chiarelli, G and others},
  journal={Nuclear Instruments and Methods in Physics Research Section A: Accelerators, Spectrometers, Detectors and Associated Equipment},
  volume={360},
  number={1-2},
  pages={385--389},
  year={1995},
  publisher={Elsevier}
}

@article{bedeschi1990photosensitive,
  title={A photosensitive chamber for cosmic-ray spectroscopy},
  author={Bedeschi, Franco and Bertolucci, Ennio and Mariotti, M and Menzione, A and Scribano, A and Stefanini, A and Zetti, F},
  journal={Nuclear Instruments and Methods in Physics Research Section A: Accelerators, Spectrometers, Detectors and Associated Equipment},
  volume={294},
  number={3},
  pages={622--626},
  year={1990},
  publisher={Elsevier}
}

@inproceedings{vogler2011trigger,
  author={Vogler, Patrick and Backes, M and Anderhub, H},
  title={Trigger and Data Acquisition electronics for the Geiger-mode avalanche photodiode Cherenkov Telescope Camera of FACT mount for the high energy section of the Cherenkov Telescope Array},
  booktitle = {32nd International Cosmic Ray Conference, Beijing, P.R. China},
  Volume = {9},
  Pages = {11--18},
  doi = {https://doi.org/10.7529/ICRC2011/V09/0389},
  year={2011}
}

@article{aleksic2015measurement,
  title={Measurement of the Crab Nebula spectrum over three decades in energy with the MAGIC telescopes},
  author={Aleksi{\'c}, Jelena and Ansoldi, S and Antonelli, LA and Antoranz, P and Babic, A and Bangale, P and Barrio, JA and Gonz{\'a}lez, J Becerra and Bednarek, W and Bernardini, E and others},
  journal={Journal of High Energy Astrophysics},
  volume={5},
  pages={30--38},
  year={2015},
  publisher={Elsevier}
}

@article{aguilar2015precision,
  title={Precision measurement of the proton flux in primary cosmic rays from rigidity 1 GV to 1.8 TV with the Alpha Magnetic Spectrometer on the International Space Station},
  author={Aguilar, M and Aisa, D and Alpat, B and Alvino, A and Ambrosi, G and Andeen, K and Arruda, L and Attig, N and Azzarello, P and Bachlechner, A and others},
  journal={Physical Review Letters},
  volume={114},
  number={17},
  pages={171103},
  year={2015},
  publisher={APS}
}

@article{aguilar2014precision,
  title={Precision measurement of the (e++ e-) flux in primary cosmic rays from 0.5 GeV to 1 TeV with the Alpha Magnetic Spectrometer on the International Space Station},
  author={Aguilar, M and Aisa, D and Alpat, B and Alvino, A and Ambrosi, G and Andeen, K and Arruda, L and Attig, N and Azzarello, P and Bachlechner, A and others},
  journal={Physical review letters},
  volume={113},
  number={22},
  pages={221102},
  year={2014},
  publisher={APS}
}

@article{ng2006lightfieldmicroscopy,
  title={{Light Field Microscopy}},
  author={Levoy, Marc and Ng, Ren and Adams, Andrew and Footer, Matthew and Horowitz, Mark},
  journal={ACM Transactions on Graphics (TOG), SIGGRAPH},
  volume={25},
  number={3},
  pages={924--934},
  year={2006},
  publisher={ACM}}

@inproceedings{hanrahan2006digital,
  title={Digital correction of lens aberrations in light field photography},
  author={Hanrahan, Pat and Ng, Ren},
  booktitle={International Optical Design Conference},
  pages={WB2},
  year={2006},
  organization={Optical Society of America}
}

@article{mcnally1999three,
  title={Three-dimensional imaging by deconvolution microscopy},
  author={McNally, James G and Karpova, Tatiana and Cooper, John and Conchello, Jos{\'e} Angel},
  journal={Methods},
  volume={19},
  number={3},
  pages={373--385},
  year={1999},
  publisher={Academic Press}
}

@article{andersen1984simultaneous,
  title={Simultaneous algebraic reconstruction technique (SART): a superior implementation of the ART algorithm},
  author={Andersen, Anders H and Kak, Avinash C},
  journal={Ultrasonic imaging},
  volume={6},
  number={1},
  pages={81--94},
  year={1984},
  publisher={Elsevier}
}

@article{conti2009state,
  title={State of the art and challenges of time-of-flight PET},
  author={Conti, Maurizio},
  journal={Physica Medica},
  volume={25},
  number={1},
  pages={1--11},
  year={2009},
  publisher={Elsevier}
}

@article{ackermann2014fermi,
  title={Fermi-LAT observations of the gamma-ray burst GRB 130427A},
  author={Ackermann, M and Ajello, M and Asano, K and Atwood, WB and Axelsson, Magnus and Baldini, L and Ballet, J and Barbiellini, G and Baring, MG and Bastieri, Dea and others},
  journal={Science},
  volume={343},
  number={6166},
  pages={42--47},
  year={2014},
  publisher={American Association for the Advancement of Science}
}

@article{albert2008probing,
  title={Probing quantum gravity using photons from a flare of the active galactic nucleus Markarian 501 observed by the MAGIC telescope},
  author={Albert, Jord{\i} and Aliu, E and Anderhub, H and Antonelli, LA and Antoranz, P and Backes, M and Baixeras, C and Barrio, JA and Bartko, H and Bastieri, D and others},
  journal={Physics Letters B},
  volume={668},
  number={4},
  pages={253--257},
  year={2008},
  publisher={Elsevier}
}

@inproceedings{altschuler2002national,
  title={The National Astronomy and Ionosphere Center's (NAIC) Arecibo Observatory in Puerto Rico},
  author={Altschuler, Daniel R and Nieves, Jos{\'e} F},
  booktitle={Single-Dish Radio Astronomy: Techniques and Applications},
  volume={278},
  pages={1--24},
  year={2002}}



@article{borkowski1987near,
  Author = {Borkowski, KM},
  Journal = {Acta astronomica},
  Owner = {sebastian},
  Pages = {79},
  Timestamp = {2016.01.29},
  Title = {Near zenith tracking limits for altitude-azimuth telescopes},
  Volume = {37},
  Year = {1987}}





@inproceedings{brazier1990narrabri,
  title={The Narrabri and La Palma Cerenkov Gamma Ray Telescope},
  author={Brazier, SKT and Carraminana, A and Chadwick, MP and Dipper, AN and Lincoln, WE and McComb, LTJ and Orford, JK and Rayner, MS and Turver, EK and Williams, GD},
  booktitle={International Cosmic Ray Conference},
  volume={4},
  pages={270},
  year={1990}
}



@article{dravins2012stellar,
  title={Stellar intensity interferometry: Prospects for sub-milliarcsecond optical imaging},
  author={Dravins, Dainis and LeBohec, Stephan and Jensen, Hannes and Nu{\~n}ez, Paul D},
  journal={New Astronomy Reviews},
  volume={56},
  number={5},
  pages={143--167},
  year={2012},
  publisher={Elsevier}
}

@book{square_qube_law,
  Author = {Galileo Galilei},
  Owner = {sebastian},
  Publisher = {Appresso gli Elsevirii, Leida},
  Timestamp = {2016.01.29},
  Title = {Discorsi e dimostrazioni matematiche, intorno {\`a} due nuove scienze attenenti alla mecanica \& i movimenti locali},
  Year = {1638}}





@article{ng2005,
  Author = {Ng, Ren and Levoy, Marc and Br{\'e}dif, Mathieu and Duval, Gene and Horowitz, Mark and Hanrahan, Pat},
  Journal = {Computer Science Technical Report CSTR},
  Number = {11},
  Title = {Light field photography with a hand-held plenoptic camera},
  Volume = {2},
  Year = {2005}}

@inproceedings{schmidt1992hexapod,
  Author = {Schmidt-Kaler, Th},
  Booktitle = {European Southern Observatory Conference and Workshop Proceedings},
  Owner = {sebastian},
  Pages = {117},
  Timestamp = {2016.01.29},
  Title = {The Hexapod Telescope: A new way to very large telescopes},
  Volume = {42},
  Year = {1992}}

@book{siciliano2009robotics,
  Author = {Siciliano, Bruno and Sciavicco, Lorenzo and Villani, Luigi and Oriolo, Giuseppe},
  Owner = {sebastian},
  Publisher = {Springer Science \& Business Media},
  Timestamp = {2016.01.29},
  Title = {Robotics: modelling, planning and control},
  Year = {2009}}

@inproceedings{trichard2015enhanced,
  Author = {Trichard, C. and Fiasson, A. and Maurin, G. and Lamanna, G. and for the H.E.S.S. Collaboration},
  Booktitle = {In Proceedings of the 34th International Cosmic Ray Conference (ICRC2015), The Hague, The Netherlands},
  Owner = {sebastian},
  Timestamp = {2016.01.30},
  Title = {Enhanced H.E.S.S. II low energies performance thanks to the focus system},
  Year = {2015}}



@article{sccan,
  Author = {Arqueros, F and Ros, G and Elorza, GR and Garcia-Pinto, D},
  Journal = {Astroparticle Physics},
  Number = {1},
  Pages = {137--145},
  Publisher = {Elsevier},
  Title = {{A technique for the optical characterization of imaging air-Cherenkov telescopes}},
  Volume = {24},
  Year = {2005}}

@article{MAGIC_optics,
  Author = {Baixeras, Carmen and Magic Collaboration and others},
  Journal = {Nuclear Physics B-Proceedings Supplements},
  Pages = {247--252},
  Publisher = {Elsevier},
  Title = {The MAGIC telescope},
  Volume = {114},
  Year = {2003}}

@article{fontaine1990aims,
  title={Aims and status of the Themistocle physics experiment},
  author={Fontaine, G{\'e}rard and Baillon, P and Behr, L and Dudelzak, B and Eschstruth, P and Espigat, P and Fabre, J and Fontaine, G and George, R and Ghesqui{\`e}re, C and others},
  journal={Nuclear Physics B-Proceedings Supplements},
  volume={14},
  number={2},
  pages={79--94},
  year={1990},
  publisher={Elsevier}
}

@article{borwankar2016simulation,
  title={Simulation studies of MACE-I: Trigger rates and energy thresholds},
  author={Borwankar, Chinmay and Bhatt, Nilay and Bhattacharyya, Subir and Rannot, RC and Tickoo, AK and Koul, R and Thoudam, Satyendra},
  journal={Astroparticle Physics},
  volume={84},
  pages={97--106},
  year={2016},
  publisher={Elsevier}
}

@misc{hess2018images,
  author = {H.E.S.S. collaboration, Max-Planck-Institute for nuclear physics},
  title = {{Photographs of the H.E.S.S. and H.E.S.S. II telescopes}},
  year = {2018},
  url = {https://www.mpi-hd.mpg.de/hfm/HESS/pages/about/pictures/HESS_IMG/},
  urldate = {2018-06-29}}





@article{HESS_I_optics,
  Author = {Bernl{\"o}hr, K and Carrol, O and Cornils, R and Elfahem, S and Espigat, P and Gillessen, S and Heinzelmann, G and Hermann, G and Hofmann, Werner and Horns, D and others},
  Journal = {Astroparticle Physics},
  Number = {2},
  Pages = {111--128},
  Publisher = {Elsevier},
  Title = {The optical system of the {HESS} imaging atmospheric {Cherenkov} telescopes. {Part I}: layout and components of the system},
  Volume = {20},
  Year = {2003}}

@inproceedings{biland2007active,
  Author = {Biland, A and Garczarczyk, M and Anderhub, H and Danielyan, V and Hakobyan, D and Lorenz, E and Mirzoyan, R and Collaboration, MAGIC},
  Booktitle = {Proceedings of the 30th ICRC},
  Pages = {1353--1356},
  Title = {The Active Mirror Control of the MAGIC Telescope},
  Volume = {533},
  Year = {2007}}






@book{forsyth,
  Author = {David A. Forsyth and Jean Ponce},
  Publisher = {Pearson Education Inc., New Jersey U.S.A.},
  Title = {Computer Vision -- A Modern Approach},
  Year = {2003}}

@article{CANGAROO1_optics,
  Author = {Hara, T and Kifune, T and Matsubara, Y and Mizumoto, Y and Muraki, Y and Ogio, S and Suda, T and Tanimori, T and Teshima, M and Yoshikoshi, T and others},
  Journal = {Nucl. Instrum. Meth. A},
  Number = {1},
  Pages = {300--309},
  Publisher = {Elsevier},
  Title = {{A 3.8 m imaging Cherenkov telescope for the TeV gamma-ray astronomy collaboration between Japan and Australia}},
  Volume = {332},
  Year = {1993}}

@article{hofmann2001focus,
  Author = {W Hofmann},
  Journal = {Journal of Physics G: Nuclear and Particle Physics},
  Number = {4},
  Pages = {933--939},
  Title = {How to focus a Cherenkov telescope},
  Volume = {27},
  Year = {2001}}

@article{mirzoyan1996optical,
  title={On the optical design of VHE gamma ray imaging Cherenkov telescopes},
  author={Mirzoyan, R and Fomin, V and Stepanian, A},
  journal={Nuclear Instruments and Methods in Physics Research Section A: Accelerators, Spectrometers, Detectors and Associated Equipment},
  volume={373},
  number={1},
  pages={153--158},
  year={1996},
  publisher={North-Holland}}

@article{VERITAS_optics,
  Author = {Holder, Jamie and Atkins, RW and Badran, HM and Blaylock, G and Bradbury, SM and Buckley, JH and Byrum, KL and Carter-Lewis, DA and Celik, O and Chow, YCK and others},
  Journal = {Astroparticle Physics},
  Number = {6},
  Pages = {391--401},
  Publisher = {Elsevier},
  Title = {{The first VERITAS telescope}},
  Volume = {25},
  Year = {2006}}

@inproceedings{TAIGA_IACT_optics,
  Author = {Igor, Yashin and others},
  Journal = {Proceedings of the 34th ICRC},
  Title = {Imaging Camera and Hardware of Tunka-IACT},
  Volume = {986},
  Year = {2015}}

@article{lubsandorzhiev2008tunka,
  title={TUNKA-EAS Cherenkov experiment in the Tunka Valley},
  author={Lubsandorzhiev, BK and Tunka Collaboration and others},
  journal={Nuclear Instruments and Methods in Physics Research Section A: Accelerators, Spectrometers, Detectors and Associated Equipment},
  volume={595},
  number={1},
  pages={73--76},
  year={2008},
  publisher={Elsevier}
}

@article{karle1995design,
  title={Design and performance of the angle integrating {\v{C}}erenkov array AIROBICC},
  author={Karle, Albrecht and Merck, M and Plaga, R {\aa}t al al and Arqueros, F and Haustein, V and Heinzelmann, G and Holl, I and Fonseca, V and Lorenz, E and Martinez, S and others},
  journal={Astroparticle Physics},
  volume={3},
  number={4},
  pages={321--347},
  year={1995},
  publisher={Elsevier}
}

@article{chantell1998prototype,
  title={Prototype test results of the solar tower atmospheric Cherenkov effect experiment (STACEE)},
  author={Chantell, MC and Bhattacharya, D and Covault, CE and Dragovan, M and Fernholz, R and Gregorich, DT and Hanna, DS and Marion, GH and Ong, RA and Oser, S and others},
  journal={Nuclear Instruments and Methods in Physics Research Section A: Accelerators, Spectrometers, Detectors and Associated Equipment},
  volume={408},
  number={2-3},
  pages={468--485},
  year={1998},
  publisher={Elsevier}
}

@article{covault2001status,
  title={The status of the STACEE Observatory},
  author={Covault, CE and Boone, LM and Bramel, D and Chae, E and Fortin, P and Gingrich, DM and Hinton, JA and Hanna, DS and Mukherjee, R and Ong, C and others},
  journal={arXiv preprint astro-ph/0107427},
  year={2001}
}

@article{pare2002celeste,
  title={CELESTE: an atmospheric Cherenkov telescope for high energy gamma astrophysics},
  author={Par{\'e}, E and Balauge, B and Bazer-Bachi, R and Bergeret, H and Berny, F and Briand, N and Bruel, P and Cerutti, M and Collon, J and Cordier, A and others},
  journal={Nuclear Instruments and Methods in Physics Research Section A: Accelerators, Spectrometers, Detectors and Associated Equipment},
  volume={490},
  number={1-2},
  pages={71--89},
  year={2002},
  publisher={Elsevier}
}



@book{moser2015energy,
  title={Energy-Efficient VCSELs for Optical Interconnects},
  author={Moser, Philip},
  year={2015},
  publisher={Springer}
}

@article{lippmann1908,
  Author = {G. Lippmann},
  Journal = {J. Phys. Theor. Appl. 7 821-825},
  Owner = {sebastian},
  Timestamp = {2016.03.15},
  Title = {{\'E}preuves r{\'e}versibles donnant la sensation du relief},
  Year = {1908}}

@article{arqueros2003novel,
  title={A novel procedure for the optical characterization of solar concentrators},
  author={Arqueros, FJAVA and Jim{\'e}nez, A and Valverde, A},
  journal={Solar Energy},
  volume={75},
  number={2},
  pages={135--142},
  year={2003},
  publisher={Elsevier}
}

@article{merklinger1997bokeh,
  Author = {Merklinger, Harold M},
  Journal = {Photo Techniques},
  Number = {3},
  Title = {A technical view of bokeh},
  Volume = {18},
  Year = {1997}}

@mastersthesis{clear_sight,
  Author = {Sebastian Achim Mueller},
  School = {TU Dortmund},
  Title = {Clear Sight in Cherenkov Astronomy -- Investigations of Reflector Geometry and Mirror Alignment for the FACT Telescope},
  Year = {2013/2014}}

@article{ahnen2016bokeh,
  title={Bokeh mirror alignment for Cherenkov telescopes},
  author={Ahnen, Max L and Baack, D and Balbo, M and Bergmann, M and Biland, Adrian and Blank, M and Bretz, T and Bruegge, KA and Buss, J and Domke, M and others},
  journal={Astroparticle Physics},
  volume={82},
  pages={1--9},
  year={2016},
  publisher={Elsevier}
}

@article{ahnen2016normalized,
  title={Normalized and asynchronous mirror alignment for Cherenkov telescopes},
  author={Ahnen, Max L and Baack, D and Balbo, M and Bergmann, M and Biland, Adrian and Blank, M and Bretz, T and Bruegge, KA and Buss, J and Domke, M and others},
  journal={Astroparticle Physics},
  volume={82},
  pages={56--65},
  year={2016},
  publisher={Elsevier}
}

@article{mueller2017mirror,
  title={Mirror position determination for the alignment of Cherenkov Telescopes},
  author={Mueller, S. A. and Adam, Jan and Ahnen, Max L and Baack, Dominik and Balbo, Matteo and Bergmann, Matthias and Biland, Adrian and Blank, Michael and Bretz, Thomas and Bruegge, KA and Bu{\ss}, Jens and others},
  journal={Nuclear Instruments and Methods in Physics Research Section A: Accelerators, Spectrometers, Detectors and Associated Equipment},
  volume={860},
  pages={1--5},
  year={2017},
  publisher={Elsevier}
}

@inproceedings{icrc-alignment,
  Author = {Sebastian Achim Mueller and others},
  Booktitle = {these proceedings},
  Number = {Registration number 184, Abstract ID 523},
  Title = {{FACT -- Novel mirror alignment using Bokeh and enhancement of the VERITAS SCCAN alignment method}},
  Year = {2015}}

@inproceedings{VERITAS_bias_alignment,
  Author = {Toner, JA and Acciari, VA and Cesarini, A and Gillanders, GH and Hanna, D and Kenny, GE and Kildea, J and Mccann, A and Mccutcheon, M and Lang, MJ and others},
  Booktitle = {Proceedings of the 30th International Cosmic Ray Conference},
  Pages = {1401},
  Title = {Bias alignment of the {VERITAS} telescopes},
  Volume = {3},
  Year = {2008}}

















@incollection{miermeister2016cablerobot,
  author = {Miermeister, Philipp and L{\"a}chele, Maria and Boss, Rainer and Masone, Carlo and Schenk, Christian and Tesch, Joachim and Kerger, Michael and Teufel, Harald and Pott, Andreas and B{\"u}lthoff, Heinrich},
  title = {{The CableRobot Simulator: Large Scale Motion Platform Based on Cable Robot Technology}},
  booktitle = {{IEEE/RSJ International Conference on Intelligent Robots and Systems}},
  publisher = {IEEE/RSJ},
  year = {2016}
}

@article{Mueller2017Supplementary,
  title={{Supplementary information is available on Nature Online}},
  year={2017},
  journal={Nature},
}















@article{lemoine2006selection,
  title={Selection and 3D-reconstruction of gamma-ray-induced air showers with a stereoscopic system of atmospheric Cherenkov telescopes},
  author={Lemoine-Goumard, M and Degrange, B and Tluczykont, M},
  journal={Astroparticle Physics},
  volume={25},
  number={3},
  pages={195--211},
  year={2006},
  publisher={Elsevier}
}

@INPROCEEDINGS{wootten2003alma,
   author = {{Wootten}, A.},
    title = "{Atacama Large Millimeter Array (ALMA)}",
booktitle = {Large Ground-based Telescopes},
     year = 2003,
   volume = 4837,
   eprint = {astro-ph/0209630},
   editor = {{Oschmann}, J.~M. and {Stepp}, L.~M.},
    month = feb,
    pages = {110-118},
      doi = {10.1117/12.456705},
   adsurl = {http://adsabs.harvard.edu/abs/2003SPIE.4837..110W},
  adsnote = {Provided by the SAO/NASA Astrophysics Data System}
}

@article{meinel2004optical,
  title={Optical phased array configuration for an extremely large telescope},
  author={Meinel, Aden Baker and Meinel, Marjorie Pettit},
  journal={Applied optics},
  volume={43},
  number={3},
  pages={601--607},
  year={2004},
  publisher={Optical Society of America}
}

@article{kuo2017assessments,
  title={Assessments of Ali, Dome A, and Summit Camp for mm-wave Observations Using MERRA-2 Reanalysis},
  author={Kuo, Chao-Lin},
  journal={The Astrophysical Journal},
  volume={848},
  number={1},
  pages={64},
  year={2017},
  publisher={IOP Publishing}
}

@article{ye2015tibet,
  title={Tibet's Ali: Asia's Atacama?},
  author={Ye, Quan-Zhi and Su, Meng and Li, Hong and Zhang, Xinmin},
  journal={Monthly Notices of the Royal Astronomical Society: Letters},
  volume={457},
  number={1},
  pages={L1--L4},
  year={2015},
  publisher={The Royal Astronomical Society}
}

@inproceedings{lizarazo2006data,
  title={Data Acquisition System and Trigger Electronics for CACTUS},
  author={Lizarazo, J and Afonso, P and Chertok, M and Marleau, P and Maruyama, S and Stilley, J and Tripathi, SM},
  booktitle={Astroparticle, Particle and Space Physics, Detectors and Medical Physics Applications: Proceedings of the 9th Conference: Villa Olmo, Como, Italy, 17-21 October 2005},
  pages={262},
  year={2006},
  organization={World Scientific}
}

@article{camara2008correlation,
  title={Correlation between nanosecond X-ray flashes and stick--slip friction in peeling tape},
  author={Camara, Carlos G and Escobar, Juan V and Hird, Jonathan R and Putterman, Seth J},
  journal={nature},
  volume={455},
  number={7216},
  pages={1089},
  year={2008},
  publisher={Nature Publishing Group}
}

@misc{cmglee2014comparison,
  author = {{Cmglee}},
  title = "Comparison of nominal sizes of primary mirrors of notable optical telescopes --- {W}ikipedia{,} The Free Encyclopedia",
  year = "2014",
  url = "https://en.wikipedia.org/wiki/File:Comparison_optical_telescope_primary_mirrors.svg",
  note = "[Online; accessed 4 June 2018]"
}

@inproceedings{fioretti2016cherenkov,
  title={The Cherenkov Telescope array on-site integral sensitivity: observing the Crab},
  author={Fioretti, Valentina and Bulgarelli, Andrea and Sch{\"u}ssler, Fabian},
  booktitle={Ground-based and Airborne Telescopes VI},
  volume={9906},
  pages={99063O},
  year={2016},
  organization={International Society for Optics and Photonics}
}



@misc{cta2018baseline,
  author={{CTAO gGmbH}},
  title="{CTA's expected baseline performance}",
  year={2018},
  url={https://www.cta-observatory.org/science/cta-performance/},
  note="[Online; accessed August 2018]"
}

@article{clowe2006direct,
  title={A direct empirical proof of the existence of dark matter},
  author={Clowe, Douglas and Brada{\v{c}}, Maru{\v{s}}a and Gonzalez, Anthony H and Markevitch, Maxim and Randall, Scott W and Jones, Christine and Zaritsky, Dennis},
  journal={The Astrophysical Journal Letters},
  volume={648},
  number={2},
  pages={L109},
  year={2006},
  publisher={IOP Publishing}
}

@article{daglas2015master,
  author="Spyridon Daglas",
  title="{{Structural Optimization of a Next
Generation Gamma-Ray Telescope}}",
  journal="ETH Zurich, Research Collection",
  volume="Department of Civil Engineering",
  year="2017",
  doi="https://doi.org/10.3929/ethz-a-???",
}

@article{engels2017master,
  author="Axel Arbet Engels",
  title="Cosmic ray composition measurements via direct {C}herenkov light with the Atmospheric {C}herenkov Plenoscope",
  journal="ETH Zurich, Research Collection",
  volume="Institute for Particlephysics and Astrophysics",
  year="2017"
}

@article{fors2013telescope,
  title={{Telescope Fabra ROA Montsec: A New Robotic Wide Field Baker--Nunn Facility}},
  author={Fors, Octavi and N{\'u}{\~n}ez, Jorge and Muinos, Jos{\'e} Luis and Montojo, Francisco Javier and Baena-Gall{\'e}, Roberto and Boloix, Jaime and Morcillo, Ricardo and Merino, Mar{\'\i}a Teresa and Downey, Elwood C and Mazur, Michael J},
  journal={Publications of the Astronomical Society of the Pacific},
  volume={125},
  number={927},
  pages={522},
  year={2013},
  publisher={IOP Publishing}
}

@article{ivezic2008lsst,
  title={Large-Synaptic-Survey-Telescope (LSST): from science drivers to reference design and anticipated data products},
  author={Ivezic, Zeljko and Tyson, JA and Abel, B and Acosta, E and Allsman, R and AlSayyad, Y and Anderson, SF and Andrew, J and Angel, R and Angeli, G and others},
  journal={arXiv preprint arXiv:0805.2366},
  year={2008}
}

@article{heraeus2018quarz,
  title={{Quarzglas fuer die Optik, Daten und Eigenschaften, Suprasil 311, 312, 313}},
  author={{Heraeus}},
  journal={{Quarzglas GmbH und Co. KG, Optics, Quarzstr. 8, 63450 Hanau, Germany}},
  year={2018},
  volume={HQS-MO 02.6 D04.2018}
}

@inproceedings{pareschi2013status,
  title={Status of the technologies for the production of the Cherenkov Telescope Array (CTA) mirrors},
  author={Pareschi, G and Armstrong, T and Baba, H and B{\"a}hr, J and Bonardi, A and Bonnoli, G and Brun, P and Canestrari, R and Chadwick, P and Chikawa, M and others},
  booktitle={Optics for EUV, X-Ray, and Gamma-Ray Astronomy VI},
  volume={8861},
  pages={886103},
  year={2013},
  organization={International Society for Optics and Photonics}
}

@article{pareschi2013statusArxiv,
  title={Status of the technologies for the production of the Cherenkov Telescope Array (CTA) mirrors},
  author={Pareschi, G and Armstrong, T and Baba, H and B{\"a}hr, J and Bonardi, A and Bonnoli, G and Brun, P and Canestrari, R and Chadwick, P and Chikawa, M and others},
  journal={arXiv preprint arXiv:1310.1713},
  year={2013}
}



@article{adriani2009anomalous,
  title={An anomalous positron abundance in cosmic rays with energies 1.5--100 GeV},
  author={Adriani, Oscar and Barbarino, GC and Bazilevskaya, GA and Bellotti, R and Boezio, Mirko and Bogomolov, EA and Bonechi, L and Bongi, M and Bonvicini, Valter and Bottai, S and others},
  journal={Nature},
  volume={458},
  number={7238},
  pages={607},
  year={2009},
  publisher={Nature Publishing Group}
}

@article{abdo2009detection,
  title={Detection of 16 gamma-ray pulsars through blind frequency searches using the Fermi LAT},
  author={Abdo, AA and Ackermann, Markus and Ajello, Marco and Anderson, B and Atwood, WB and Axelsson, M and Baldini, Luca and Ballet, J and Barbiellini, Guido and Baring, MG and others},
  journal={Science},
  year={2009},
  publisher={American Association for the Advancement of Science}
}

@article{abdo2009population,
  title={A population of gamma-ray millisecond pulsars seen with the Fermi Large Area Telescope},
  author={Abdo, AA and Ackermann, Markus and Ajello, Marco and Atwood, WB and Axelsson, Magnus and Baldini, Luca and Ballet, Jean and Barbiellini, Guido and Baring, MG and Bastieri, D and others},
  journal={Science},
  year={2009},
  publisher={American Association for the Advancement of Science}
}

@book{wohler20123d,
  title={3D computer vision: efficient methods and applications},
  author={W{\"o}hler, Christian},
  year={2012},
  publisher={Springer Science \& Business Media}
}

@article{forsyth2003modern,
  title={A modern approach},
  author={Forsyth, David A and Ponce, Jean},
  journal={Computer vision: a modern approach},
  pages={88--101},
  year={2003},
  publisher={Prentice-Hall}
}

# Aperture-history

@article{lewis1990optical,
  title={Optical characteristics of the Whipple Observatory TeV gamma-ray imaging telescope},
  author={Lewis, DA},
  journal={Experimental Astronomy},
  volume={1},
  number={4},
  pages={213--226},
  year={1990},
  publisher={Springer}
}

@article{mccann2010new,
  title={A new mirror alignment system for the VERITAS telescopes},
  author={McCann, A and Hanna, D and Kildea, J and McCutcheon, M},
  journal={Astroparticle Physics},
  volume={32},
  number={6},
  pages={325--329},
  year={2010},
  publisher={Elsevier}
}

@article{acharya2005ground,
  title={Ground Based $\gamma$-ray Astronomy in India},
  author={Acharya, BS},
  journal={Past, Present and Future. Proc. 29th ICRC, Pune},
  year={2005}
}

@inproceedings{sinisyna2005shalon,
  title={{SHALON: status report}},
  author={Sinisyna, V.G.},
  Booktitle={Towards a Network of Atmospheric Cherenkov Detectors VII},
  pages={57--65},
  year={2005}
}

@misc{yadav2013mace,
    author={Kuldeep, Yadav},
    title={Status of the MACE telescope},
    year={2013},
    url={http://moriond.in2p3.fr/J13/transparencies/yadav.pdf},
    urldate={2017-07-24}
}

@inproceedings{cornils2005optical,
  title={The optical system of the HESS II telescope},
  author={Cornils, R and Bernl{\"o}hr, Konrad and Heinzelmann, G{\"o}tz and Hofmann, Werner and Panter, Michael},
  booktitle={International Cosmic Ray Conference},
  volume={5},
  pages={171},
  year={2005}
}

@article{bernlohr2003optical,
  title={The optical system of the HESS imaging atmospheric Cherenkov telescopes. Part I: layout and components of the system},
  author={Bernl{\"o}hr, K and Carrol, O and Cornils, R and Elfahem, S and Espigat, P and Gillessen, S and Heinzelmann, G and Hermann, G and Hofmann, Werner and Horns, D and others},
  journal={Astroparticle Physics},
  volume={20},
  number={2},
  pages={111--128},
  year={2003},
  publisher={Elsevier}
}

@inproceedings{punch2001hess,
  title={The HESS project camera, tests, and status},
  author={Punch, M and Aharonian, F and Bulian, N and Gillessen, S and Hermann, G and Heusler, A and Hofmann, W and Jung, I and Kankanyan, R and Kettler, J and others},
  booktitle={International Cosmic Ray Conference 27 ICRC 2001},
  pages={2814--2817},
  year={2001},
  organization={International Union of Pure and Applied Physics}
}

@article{anderhub2013design,
  title={Design and operation of FACT--the first G-APD Cherenkov telescope},
  author={Anderhub, H and Backes, M and Biland, A and Boccone, Vittorio and Braun, I and Bretz, T and Bu{\ss}, J and Cadoux, Franck and Commichau, V and Djambazov, L and others},
  journal={Journal of Instrumentation},
  volume={8},
  number={06},
  pages={P06008},
  year={2013},
  publisher={IOP Publishing}
}

@article{kubo2004status,
  title={Status of the CANGAROO-III project},
  author={Kubo, Hidetoshi and Asahara, A and Bicknell, GV and Clay, Roger W and Doi, Y and Edwards, PG and Enomoto, R and Gunji, S and Hara, S and Hara, T and others},
  journal={New Astronomy Reviews},
  volume={48},
  number={5},
  pages={323--329},
  year={2004},
  publisher={Elsevier}
}

@article{roberts1998tev,
  title={TeV gamma-ray observations of Southern BL Lacs with the CANGAROO 3.8 m Imaging Telescope},
  author={Roberts, MD and Dazeley, SA and Edwards, PG and Hara, T and Hayami, Y and Holder, J and Kakimoto, F and Kamei, S and Kawachi, A and Kifune, T and others},
  journal={arXiv preprint astro-ph/9811260},
  year={1998}
}

@article{roscoe1988stereolithography,
  title={Stereolithography interface specification},
  author={Roscoe, LE and others},
  journal={America-3D Systems Inc},
  volume={27},
  year={1988}
}

@inproceedings{miyata2008site,
  title={Site evaluations of the summit of Co. Chajnantor for infrared observations},
  author={Miyata, Takashi and Motohara, Kentaro and Sako, Shigeyuki and Tanaka, Masuo and Minezaki, Takeo and Mitani, Natsuko and Aoki, Tsutomu and Soyano, Takao and Tanabe, Toshihiko and Kawara, Kimiaki and others},
  booktitle={Ground-based and Airborne Telescopes II},
  volume={7012},
  pages={701243},
  year={2008},
  organization={International Society for Optics and Photonics}
}

@inproceedings{radford2008submillimeter,
  title={Submillimeter observing conditions on Cerro Chajnantor},
  author={Radford, Simon JE and Giovanelli, Riccardo and Gull, George E and Henderson, Charles P},
  booktitle={Ground-based and Airborne Telescopes II},
  volume={7012},
  pages={70121Z},
  year={2008},
  organization={International Society for Optics and Photonics}
}

@article{finnegan2011orbit,
  title={Orbit mode observation technique developed for VERITAS},
  author={Finnegan, Gary and others},
  journal={arXiv preprint arXiv:1111.0121},
  year={2011}
}

@inproceedings{perkins2007mirror,
  title={Mirror facets for the VERITAS Telescopes},
  author={Perkins, J and Finley, J and Falcone, A and Weekes, T and Harris, K and Irvin, R},
  booktitle={30th International Cosmic Ray Conference, Mexico},
  volume={3},
  pages={1397â€“1400},
  year={2007}
}

@inproceedings{teshima2011design,
  title={{Design study of a CTA large size telescope (LST)}},
  author={Teshima, Masahiro and Schweizer, Thomas and Blanch, Oscar},
  booktitle={32nd International Cosmic Ray Conference},
  volume={9},
  pages={151-154},
  year={2011},
}

@book{poisson1837recherches,
  title={{Recherches sur la probabilit{\'e} des jugements en mati{\`e}re criminelle et en mati{\`e}re civile prec{\'e}d{\'e}es des r{\`e}gles g{\'e}n{\'e}rales du calcul des probabilit{\'e}s par SD Poisson}},
  author={Poisson, Sim{\'e}on Denis},
  year={1837},
  publisher={Bachelier}
}

@article{delagnes2006sam,
  title={SAM: A new GHz sampling ASIC for the HESS-II front-end electronics},
  author={Delagnes, E and Degerli, Y and Goret, P and Nayman, P and Toussenel, F and Vincent, P},
  journal={Nuclear Instruments and Methods in Physics Research Section A: Accelerators, Spectrometers, Detectors and Associated Equipment},
  volume={567},
  number={1},
  pages={21--26},
  year={2006},
  publisher={Elsevier}
}

@article{preuss2002study,
    title={Study of the photon flux from the night sky at La Palma and Namibia, in the wavelength region relevant for imaging atmospheric Cherenkov telescopes},
    author={Preuss, S and Hermann, G and Hofmann, W and Kohnle, A},
    journal={Nuclear Instruments and Methods in Physics Research Section A: Accelerators, Spectrometers, Detectors and Associated Equipment},
    volume={481},
    number={1},
    pages={229--240},
    year={2002},
    publisher={Elsevier}
}

# Gravitational-Waves and gamma-rays
# ----------------------------------

@article{abbott2017gravitational,
  title={Gravitational waves and gamma-rays from a binary neutron star merger: GW170817 and GRB 170817A},
  author={Abbott, Benjamin P and Abbott, R and Abbott, TD and Acernese, F and Ackley, K and Adams, C and Adams, T and Addesso, P and Adhikari, RX and Adya, VB and others},
  journal={The Astrophysical Journal Letters},
  volume={848},
  number={2},
  pages={L13},
  year={2017},
  publisher={IOP Publishing},
  doi={10.3847/2041-8213/aa920c}
}

@article{racusin2017searching,
  title={Searching the Gamma-Ray Sky for Counterparts to Gravitational Wave Sources Fermi Gamma-Ray Burst Monitor and Large Area Telescope Observations of LVT151012 and GW151226},
  author={Racusin, JL and Burns, E and Goldstein, A and Connaughton, V and Wilson-Hodge, CA and Jenke, P and Blackburn, L and Briggs, MS and Broida, J and Camp, J and others},
  volume={835},
  number={1},
  pages={82},
  year={2017},
  publisher={IOP Publishing},
  doi={10.3847/1538-4357/835/1/82}
}

@article{savchenko2016integral,
  title={INTEGRAL upper limits on gamma-ray emission associated with the gravitational wave event GW150914},
  author={Savchenko, Volodymyr and Ferrigno, Carlo and Mereghetti, Sandro and Natalucci, Lorenzo and Bazzano, Angela and Bozzo, Enrico and Brandt, S{\o}ren and Courvoisier, TJ-L and Diehl, R and Hanlon, L and others},
  journal={The Astrophysical Journal Letters},
  volume={820},
  number={2},
  pages={L36},
  year={2016},
  publisher={IOP Publishing},
  doi={10.3847/2041-8205/820/2/L36}
}

@article{patricelli2016prospects,
  title={Prospects for joint observations of gravitational waves and gamma rays from merging neutron star binaries},
  author={Patricelli, Barbara and Razzano, Massimiliano and Cella, Giancarlo and Fidecaro, Francesco and Pian, Elena and Branchesi, Marica and Stamerra, Antonio},
  journal={Journal of Cosmology and Astroparticle Physics},
  volume={2016},
  number={11},
  pages={056},
  year={2016},
  publisher={IOP Publishing},
  doi={10.1088/1475-7516/2016/11/056}
}

@article{obrien2018high,
  title={High-energy astrophysics and the search for sources of gravitational waves},
  author={O'Brien, PT and Evans, P},
  journal={Phil. Trans. R. Soc. A},
  volume={376},
  number={2120},
  pages={20170294},
  year={2018},
  publisher={The Royal Society},
  doi={0.1098/rsta.2017.0294}
}

@article{ghirlanda2016short,
  title={Short gamma-ray bursts at the dawn of the gravitational wave era},
  author={Ghirlanda, G and Salafia, OS and Pescalli, A and Ghisellini, G and Salvaterra, R and Chassande--Mottin, E and Colpi, M and Nappo, F and Dâ€™Avanzo, P and Melandri, A and others},
  journal={Astronomy \& Astrophysics},
  volume={594},
  pages={A84},
  year={2016},
  publisher={EDP Sciences},
  doi={10.1051/0004-6361/201628993}
}

@article{aasi2014first,
  title={First searches for optical counterparts to gravitational-wave candidate events},
  author={Aasi, J and Abadie, J and Abbott, BP and Abbott, Richard and Abbott, T and Abernathy, MR and Accadia, T and Acernese, F and Adams, C and Adams, T and others},
  journal={The Astrophysical Journal Supplement Series},
  volume={211},
  number={1},
  pages={7},
  year={2014},
  publisher={IOP Publishing},
  doi={10.1088/0067-0049/211/1/7}
}

@article{abbott2017multi,
  title={Multi-messenger observations of a binary neutron star merger},
  author={Abbott, BP and Abbott, R and Adhikari, RX and Ananyeva, A and Anderson, SB and Appert, S and Arai, K and Araya, MC and Barayoga, JC and Barish, BC and others},
  journal={Astrophysical Journal Letters},
  volume={848},
  number={2},
  pages={L12},
  year={2017},
  publisher={American Astronomical Society},
  doi={10.3847/2041-8213/aa91c9}
}

@article{ligo2017gravitational,
  title={A gravitational-wave standard siren measurement of the Hubble constant},
  author={LIGO Scientific Collaboration and Virgo Collaboration and 1M2H Collaboration and Dark Energy Camera GW-EM Collaboration and DES Collaboration and DLT40 Collaboration and Las Cumbres Observatory Collaboration and VINROUGE Collaboration and MASTER Collaboration and others},
  journal={Nature},
  volume={551},
  number={7678},
  pages={85--88},
  year={2017},
  publisher={Nature Research},
  doi={10.1038/nature24471}
}

@article{team2018fermi,
  title={A Fermi Gamma-ray Burst Monitor Search for Electromagnetic Signals Coincident with Gravitational-Wave Candidates in Advanced LIGO's First Observing Run},
  author={Team, The Fermi Gamma-ray Burst and Collaboration, The LIGO and Burns, E and Goldstein, A and Hui, CM and Blackburn, L and Briggs, MS and Connaughton, V and Hamburg, R and Kocevski, D and others},
  journal={arXiv preprint arXiv:1810.02764},
  year={2018}
}

@article{abbott2017exploring,
  title={Exploring the sensitivity of next generation gravitational wave detectors},
  author={Abbott, Benjamin P and Abbott, R and Abbott, TD and Abernathy, MR and Ackley, K and Adams, C and Addesso, P and Adhikari, RX and Adya, VB and Affeldt, C and others},
  journal={Classical and Quantum Gravity},
  volume={34},
  number={4},
  pages={044001},
  year={2017},
  publisher={IOP Publishing},
  doi={10.1088/1361-6382/aa51f4}
}

@article{cannon2012toward,
  title={Toward early-warning detection of gravitational waves from compact binary coalescence},
  author={Cannon, Kipp and Cariou, Romain and Chapman, Adrian and Crispin-Ortuzar, Mireia and Fotopoulos, Nickolas and Frei, Melissa and Hanna, Chad and Kara, Erin and Keppel, Drew and Liao, Laura and others},
  journal={The Astrophysical Journal},
  volume={748},
  number={2},
  pages={136},
  year={2012},
  publisher={IOP Publishing},
  sebastian={Figure 1 shows detection-rate vs. time-before-coalesence}
}

@article{aasi2015advanced,
  title={Advanced ligo},
  author={Aasi, Junaid and Abbott, BP and Abbott, Richard and Abbott, Thomas and Abernathy, MR and Ackley, Kendall and Adams, Carl and Adams, Thomas and Addesso, Paolo and Adhikari, RX and others},
  journal={Classical and quantum gravity},
  volume={32},
  number={7},
  pages={074001},
  year={2015},
  publisher={IOP Publishing},
  doi={10.1088/0264-9381/32/7/074001}
}

@inproceedings{brunetto2004progress,
  title={Progress of ESO's 100-m OWL optical telescope design},
  author={Brunetto, Enzo T and Dierickx, Philippe and Gilmozzi, Roberto and Le Louarn, Miska and Koch, Franz and Noethe, Lothar and Verinaud, Christophe and Yaitskova, Natalia},
  booktitle={Second Backaskog Workshop on Extremely Large Telescopes},
  volume={5382},
  pages={159--169},
  year={2004},
  organization={International Society for Optics and Photonics}
}

@book{aglea2004owl,
  author={
    Aglae, Kellerer and
    Andre, Erasmus and
    Andrei, Tokovinin and
    Armando, Riccardi and
    Babak, Sedghi and
    Bernhard, Brandl and
    Bill, Dent and
    others},
  title={OWL BLUE BOOK -- Owl concept design report, phase A design review, OWL-TRE-ESO-0000-0001 Issue 2},
  publisher={www.eso.org},
  year={2004}
}

@misc{williams2015cherenkov,
  author={Williams, David, A. and others},
  title={The Cherenkov Telescope Array: The Future of gamma-ray Astrophysics},
  year={2015},
  publisher={The National Academics of Science, Engineering, and Medicine},
  organization={Cherenkov Telescope Array Construction},
  sebastian={Price for read-out-channel below 80 USD}
}

@misc{ritt2011design,
  author={Ritt, Stefan},
  title={Design and Performance of the 6 GS/s Waveform Digitizing Chip DRS4},
  organization={Paul Scherrer Institute, Switzerland},
  publisher={IEEE/NSS Dresden},
  year={2011},
  sebastian={Price per read-out-channel about 10-15 USD}
}

@manual{garczarczyk2015medium,
  author={Garczarczyk, Markus and Schlenstedt, Stefan, and Farrell, Emmett and others},
  title={Medium-Sized Telescope Technical Design Report},
  organization={Cherenkov Telescope Array Construction},
  year={2015},
  sebastian={Price for Nectar-cam 1.9MEUR, Proce for Flash-cam 1.0MEUR. at 1512 read-out-channels}
}

@article{budnev2017taiga,
  title={The TAIGA experiment: From cosmic-ray to gamma-ray astronomy in the Tunka valley},
  author={Budnev, N and Astapov, I and Barbashina, N and Barnyakov, A and Bezyazeekov, P and Bogdanov, A and Boreyko, V and Br{\"u}ckner, M and Chiavassa, A and Chvalaev, O and others},
  journal={Nuclear Instruments and Methods in Physics Research Section A: Accelerators, Spectrometers, Detectors and Associated Equipment},
  volume={845},
  pages={330--333},
  year={2017},
  publisher={Elsevier}
}

@article{le1998new,
  title={A new analysis method for very high definition Imaging Atmospheric Cherenkov Telescopes as applied to the CAT telescope},
  author={Le Bohec, St{\'e}phane and Degrange, B and Punch, M and Barrau, A and Bazer-Bachi, R and Cabot, H and Chounet, LM and Debiais, G and Dezalay, JP and Djannati-Atai, A and others},
  journal={Nuclear Instruments and Methods in Physics Research Section A: Accelerators, Spectrometers, Detectors and Associated Equipment},
  volume={416},
  number={2-3},
  pages={425--437},
  year={1998},
  publisher={Elsevier}
}

@inproceedings{wilburn2005high,
  title={High performance imaging using large camera arrays},
  author={Wilburn, Bennett and Joshi, Neel and Vaish, Vaibhav and Talvala, Eino-Ville and Antunez, Emilio and Barth, Adam and Adams, Andrew and Horowitz, Mark and Levoy, Marc},
  booktitle={ACM Transactions on Graphics (TOG)},
  volume={24},
  pages={765--776},
  year={2005},
  organization={ACM}
}

@article{adelson1992single,
  title={Single lens stereo with a plenoptic camera},
  author={Adelson, Edward H and Wang, John Y. A.},
  journal={IEEE Transactions on Pattern Analysis \& Machine Intelligence},
  volume={2},
  pages={99--106},
  year={1992},
  publisher={IEEE}
}

@article{dole2006cosmic,
  title={The cosmic infrared background resolved by Spitzer-Contributions of mid-infrared galaxies to the far-infrared background},
  author={Dole, Herve and Lagache, Guilaine and Puget, J-L and Caputi, Karina I and Fernandez-Conde, Nestor and Le Floc'h, E and Papovich, Casey and P{\'e}rez-Gonz{\'a}lez, Pablo G and Rieke, George H and Blaylock, Myra},
  journal={Astronomy \& Astrophysics},
  volume={451},
  number={2},
  pages={417--429},
  year={2006},
  publisher={EDP Sciences}
}

@article{taylor2017active,
  title={Active galactic nuclei horizons from the gamma-ray perspective},
  author={Taylor, Andrew M},
  journal={New Astronomy Reviews},
  volume={78},
  pages={16--25},
  year={2017},
  publisher={Elsevier}
}

@article{fermi2018gamma,
  title={A gamma-ray determination of the Universeâ€™s star formation history},
  author={{Fermi-LAT Collaboration} and others},
  journal={Science},
  volume={362},
  number={6418},
  pages={1031--1034},
  year={2018},
  publisher={American Association for the Advancement of Science}
}

@inproceedings{bergholm2002plenoscope,
  title={The Plenoscope Concept and Image Formation},
  author={Bergholm, Fredrik and Renlund, Erika and Friskopp Karl},
  booktitle={Swedish Society for Automated Image Analysis Symposium (SSAB)},
  volume={1},
  pages={75--78},
  organization={Uppsala Universitet},
  publisher={Centre for Mathematical Sciences, Lund University},
  year={2002}
}

@article{aguilar2010relative,
  title={Relative composition and energy spectra of light nuclei in cosmic rays: results from AMS-01},
  author={Aguilar, M and Alcaraz, J and Allaby, J and Alpat, B and Ambrosi, G and Anderhub, H and Ao, L and Arefiev, A and Arruda, L and Azzarello, P and others},
  journal={The Astrophysical Journal},
  volume={724},
  number={1},
  pages={329},
  year={2010},
  publisher={IOP Publishing}
}
